symbol,event_type,price,volume,market_sentiment,timestamp,date,hour,price_change,rolling_price,volume_spike
AAPL,price_update,187.43,2243,neutral,2026-04-22 19:14:34,2026-04-22,19,,,False
AAPL,trade,186.7,4524,bearish,2026-04-22 19:14:46,2026-04-22,19,-0.7300000000000182,,False
AAPL,price_update,185.75,3747,bearish,2026-04-22 19:14:56,2026-04-22,19,-0.9499999999999886,,False
AAPL,trade,178.26,4218,bullish,2026-04-22 19:14:58,2026-04-22,19,-7.490000000000009,,False
AAPL,price_update,186.83,9406,neutral,2026-04-22 19:15:02,2026-04-22,19,8.570000000000022,184.994,True
AAPL,trade,190.27,692,bearish,2026-04-22 19:15:07,2026-04-22,19,3.4399999999999977,185.56199999999998,False
AAPL,price_update,165.59,6638,bearish,2026-04-22 19:15:12,2026-04-22,19,-24.680000000000007,181.34,True
AAPL,trade,168.75,3028,neutral,2026-04-22 19:15:15,2026-04-22,19,3.1599999999999966,177.94,False
AAPL,price_update,190.05,2064,bullish,2026-04-22 19:15:41,2026-04-22,19,21.30000000000001,180.298,False
AAPL,trade,186.62,1703,bearish,2026-04-22 19:15:45,2026-04-22,19,-3.430000000000007,180.256,False
AAPL,trade,187.14,6058,bullish,2026-04-22 19:15:47,2026-04-22,19,0.5199999999999818,179.63,True
AAPL,trade,170.49,8947,bullish,2026-04-22 19:15:59,2026-04-22,19,-16.649999999999977,180.60999999999999,True
AAPL,trade,187.15,7339,bullish,2026-04-22 19:16:00,2026-04-22,19,16.659999999999997,184.29000000000002,True
AAPL,price_update,191.64,2998,bearish,2026-04-22 19:16:11,2026-04-22,19,4.489999999999981,184.608,False
AAPL,trade,167.96,4220,bearish,2026-04-22 19:16:23,2026-04-22,19,-23.67999999999998,180.876,False
AAPL,trade,186.08,2644,neutral,2026-04-22 19:16:41,2026-04-22,19,18.120000000000005,180.66400000000002,False
AAPL,price_update,186.6,4551,bearish,2026-04-22 19:16:57,2026-04-22,19,0.5199999999999818,183.88600000000002,False
AAPL,price_update,176.47,2385,bullish,2026-04-22 19:17:10,2026-04-22,19,-10.129999999999995,181.75,False
AAPL,price_update,187.46,1540,bullish,2026-04-22 19:17:23,2026-04-22,19,10.990000000000009,180.91400000000002,False
AAPL,trade,171.31,992,neutral,2026-04-22 19:17:38,2026-04-22,19,-16.150000000000006,181.584,False
AAPL,price_update,186.88,6174,bearish,2026-04-22 19:17:56,2026-04-22,19,15.569999999999993,181.744,True
AAPL,price_update,181.85,6502,bearish,2026-04-22 19:18:00,2026-04-22,19,-5.030000000000001,180.794,True
AAPL,price_update,192.24,5081,bullish,2026-04-22 19:18:12,2026-04-22,19,10.390000000000015,183.948,True
AAPL,price_update,165.07,1120,bullish,2026-04-22 19:18:18,2026-04-22,19,-27.170000000000016,179.47,False
AAPL,price_update,180.64,8507,bullish,2026-04-22 19:18:20,2026-04-22,19,15.569999999999993,181.33599999999998,True
AAPL,price_update,189.78,8770,bullish,2026-04-22 19:18:25,2026-04-22,19,9.140000000000015,181.916,True
AAPL,trade,190.28,5453,bullish,2026-04-22 19:18:36,2026-04-22,19,0.5,183.602,True
AAPL,price_update,185.0,3934,bullish,2026-04-22 19:18:52,2026-04-22,19,-5.280000000000001,182.154,False
AAPL,price_update,194.36,1907,neutral,2026-04-22 19:19:03,2026-04-22,19,9.360000000000014,188.012,False
AAPL,trade,187.01,9746,neutral,2026-04-22 19:19:04,2026-04-22,19,-7.350000000000023,189.286,True
AAPL,price_update,185.8,7105,bullish,2026-04-22 19:19:10,2026-04-22,19,-1.2099999999999795,188.49,True
AAPL,price_update,177.75,2833,neutral,2026-04-22 19:19:19,2026-04-22,19,-8.050000000000011,185.984,False
AAPL,price_update,163.96,1784,neutral,2026-04-22 19:19:19,2026-04-22,19,-13.789999999999992,181.776,False
AAPL,trade,165.93,4033,neutral,2026-04-22 19:19:22,2026-04-22,19,1.9699999999999989,176.08999999999997,False
AAPL,trade,172.19,5855,bullish,2026-04-22 19:19:23,2026-04-22,19,6.259999999999991,173.12600000000003,True
AAPL,price_update,189.68,1189,neutral,2026-04-22 19:19:24,2026-04-22,19,17.49000000000001,173.902,False
AAPL,trade,186.65,462,neutral,2026-04-22 19:19:35,2026-04-22,19,-3.030000000000001,175.68200000000002,False
AAPL,trade,190.46,5879,bearish,2026-04-22 19:19:44,2026-04-22,19,3.8100000000000023,180.982,True
AAPL,trade,178.83,8637,bullish,2026-04-22 19:19:51,2026-04-22,19,-11.629999999999995,183.562,True
AAPL,price_update,194.78,2984,bearish,2026-04-22 19:19:56,2026-04-22,19,15.949999999999989,188.07999999999998,False
AAPL,price_update,163.31,2726,bearish,2026-04-22 19:20:10,2026-04-22,19,-31.47,182.806,False
AAPL,price_update,187.04,8054,bearish,2026-04-22 19:20:18,2026-04-22,19,23.72999999999999,182.88400000000001,True
AAPL,price_update,189.31,2978,neutral,2026-04-22 19:20:28,2026-04-22,19,2.2700000000000102,182.654,False
AAPL,price_update,192.97,5690,bullish,2026-04-22 19:20:35,2026-04-22,19,3.6599999999999966,185.482,True
AAPL,price_update,182.0,3960,bullish,2026-04-22 19:20:48,2026-04-22,19,-10.969999999999999,182.926,False
AAPL,trade,176.84,7215,bearish,2026-04-22 19:21:11,2026-04-22,19,-5.159999999999997,185.632,True
AAPL,price_update,187.1,4379,bullish,2026-04-22 19:21:16,2026-04-22,19,10.259999999999991,185.644,False
AAPL,trade,185.45,323,neutral,2026-04-22 19:21:19,2026-04-22,19,-1.6500000000000057,184.872,False
AAPL,price_update,179.86,6260,bullish,2026-04-22 19:21:24,2026-04-22,19,-5.589999999999975,182.25,True
AAPL,price_update,164.25,8368,neutral,2026-04-22 19:21:24,2026-04-22,19,-15.610000000000014,178.7,True
AAPL,price_update,185.5,8232,bullish,2026-04-22 19:21:25,2026-04-22,19,21.25,180.432,True
AAPL,price_update,185.48,2273,neutral,2026-04-22 19:21:29,2026-04-22,19,-0.020000000000010232,180.108,False
AAPL,trade,191.01,3066,bearish,2026-04-22 19:21:30,2026-04-22,19,5.530000000000001,181.22,False
AAPL,trade,159.53,7950,bullish,2026-04-22 19:21:35,2026-04-22,19,-31.47999999999999,177.154,True
AAPL,price_update,193.23,2721,bullish,2026-04-22 19:21:38,2026-04-22,19,33.69999999999999,182.95,False
AAPL,trade,190.45,4413,bearish,2026-04-22 19:21:42,2026-04-22,19,-2.780000000000001,183.94,False
AAPL,price_update,183.54,8854,neutral,2026-04-22 19:21:51,2026-04-22,19,-6.909999999999997,183.552,True
AAPL,trade,186.71,4871,bearish,2026-04-22 19:21:53,2026-04-22,19,3.170000000000016,182.692,False
AAPL,trade,188.96,5759,bullish,2026-04-22 19:22:00,2026-04-22,19,2.25,188.578,True
AAPL,trade,185.37,201,bearish,2026-04-22 19:22:13,2026-04-22,19,-3.5900000000000034,187.006,False
AAPL,price_update,175.62,4751,bearish,2026-04-22 19:22:17,2026-04-22,19,-9.75,184.04,False
AAPL,price_update,169.44,8145,bearish,2026-04-22 19:22:36,2026-04-22,19,-6.180000000000007,181.22,True
AAPL,price_update,186.78,7460,neutral,2026-04-22 19:22:41,2026-04-22,19,17.340000000000003,181.234,True
AAPL,price_update,186.36,5828,bullish,2026-04-22 19:22:59,2026-04-22,19,-0.4199999999999875,180.714,True
AAPL,price_update,167.79,7584,bullish,2026-04-22 19:23:13,2026-04-22,19,-18.57000000000002,177.198,True
AAPL,price_update,178.35,4291,bullish,2026-04-22 19:23:26,2026-04-22,19,10.560000000000002,177.744,False
AAPL,price_update,187.01,7763,bullish,2026-04-22 19:23:32,2026-04-22,19,8.659999999999997,181.25799999999998,True
AAPL,trade,187.07,3707,bearish,2026-04-22 19:23:37,2026-04-22,19,0.060000000000002274,181.31599999999997,False
AAPL,price_update,164.68,6754,bearish,2026-04-22 19:23:38,2026-04-22,19,-22.389999999999986,176.98,True
AAPL,price_update,188.89,4855,bullish,2026-04-22 19:23:57,2026-04-22,19,24.20999999999998,181.2,False
AAPL,trade,179.84,3286,bearish,2026-04-22 19:23:58,2026-04-22,19,-9.049999999999983,181.498,False
AAPL,price_update,181.49,9986,bullish,2026-04-22 19:24:02,2026-04-22,19,1.6500000000000057,180.394,True
AAPL,price_update,191.77,3664,bullish,2026-04-22 19:24:10,2026-04-22,19,10.280000000000001,181.334,False
AAPL,price_update,179.63,7649,bearish,2026-04-22 19:24:40,2026-04-22,19,-12.140000000000015,184.324,True
AAPL,trade,178.7,561,bearish,2026-04-22 19:24:44,2026-04-22,19,-0.9300000000000068,182.286,False
AAPL,price_update,186.06,9913,neutral,2026-04-22 19:24:46,2026-04-22,19,7.360000000000014,183.53,True
AAPL,trade,166.71,5813,bullish,2026-04-22 19:24:48,2026-04-22,19,-19.349999999999994,180.574,True
AAPL,trade,186.99,5864,neutral,2026-04-22 19:24:49,2026-04-22,19,20.28,179.618,True
AAPL,trade,190.7,3627,bearish,2026-04-22 19:24:53,2026-04-22,19,3.7099999999999795,181.832,False
AAPL,trade,163.69,1936,bullish,2026-04-22 19:25:01,2026-04-22,19,-27.00999999999999,178.83,False
AAPL,trade,168.55,8447,bearish,2026-04-22 19:25:34,2026-04-22,19,4.860000000000014,175.328,True
AAPL,trade,189.56,1046,bearish,2026-04-22 19:25:35,2026-04-22,19,21.00999999999999,179.898,False
AAPL,price_update,184.29,9964,bullish,2026-04-22 19:26:07,2026-04-22,19,-5.27000000000001,179.358,True
AAPL,price_update,188.25,2827,neutral,2026-04-22 19:26:12,2026-04-22,19,3.960000000000008,178.868,False
AAPL,price_update,170.8,7119,bearish,2026-04-22 19:26:13,2026-04-22,19,-17.44999999999999,180.29000000000002,True
AAPL,trade,171.72,3076,bullish,2026-04-22 19:26:15,2026-04-22,19,0.9199999999999875,180.924,False
AAPL,price_update,168.62,851,bearish,2026-04-22 19:26:16,2026-04-22,19,-3.0999999999999943,176.736,False
AAPL,trade,169.28,123,bearish,2026-04-22 19:26:18,2026-04-22,19,0.6599999999999966,173.734,False
AAPL,price_update,190.22,437,bearish,2026-04-22 19:26:29,2026-04-22,19,20.939999999999998,174.128,False
AAPL,trade,187.9,7904,bearish,2026-04-22 19:26:41,2026-04-22,19,-2.319999999999993,177.548,True
AAPL,trade,161.64,4747,bullish,2026-04-22 19:26:41,2026-04-22,19,-26.26000000000002,175.532,False
AAPL,trade,179.25,9679,bullish,2026-04-22 19:27:24,2026-04-22,19,17.610000000000014,177.658,True
AAPL,price_update,194.49,7811,bearish,2026-04-22 19:27:26,2026-04-22,19,15.240000000000009,182.7,True
AAPL,trade,187.11,5753,bullish,2026-04-22 19:27:28,2026-04-22,19,-7.3799999999999955,182.07800000000003,True
AAPL,price_update,184.34,8142,neutral,2026-04-22 19:27:34,2026-04-22,19,-2.7700000000000102,181.36599999999999,True
AAPL,price_update,183.9,726,bearish,2026-04-22 19:27:36,2026-04-22,19,-0.4399999999999977,185.81800000000004,False
AAPL,trade,191.89,5470,bearish,2026-04-22 19:27:41,2026-04-22,19,7.989999999999981,188.346,True
AAPL,trade,191.82,5386,bearish,2026-04-22 19:27:46,2026-04-22,19,-0.06999999999999318,187.812,True
AAPL,price_update,185.58,1103,neutral,2026-04-22 19:27:48,2026-04-22,19,-6.239999999999981,187.50600000000003,False
AAPL,trade,159.83,1505,neutral,2026-04-22 19:27:57,2026-04-22,19,-25.75,182.60399999999998,False
AAPL,price_update,170.32,2357,bearish,2026-04-22 19:28:16,2026-04-22,19,10.48999999999998,179.88799999999998,False
AAPL,price_update,170.45,3167,bearish,2026-04-22 19:28:33,2026-04-22,19,0.12999999999999545,175.6,False
AAPL,price_update,165.63,7500,bullish,2026-04-22 19:28:42,2026-04-22,19,-4.819999999999993,170.362,True
AAPL,trade,191.44,8410,neutral,2026-04-22 19:28:47,2026-04-22,19,25.810000000000002,171.534,True
AAPL,price_update,189.92,729,bearish,2026-04-22 19:29:04,2026-04-22,19,-1.5200000000000102,177.55199999999996,False
AAPL,price_update,183.37,8292,bearish,2026-04-22 19:29:08,2026-04-22,19,-6.549999999999983,180.16199999999998,True
AAPL,trade,189.23,5628,bullish,2026-04-22 19:29:30,2026-04-22,19,5.859999999999985,183.91799999999998,True
AAPL,trade,189.73,4715,neutral,2026-04-22 19:29:39,2026-04-22,19,0.5,188.738,False
AAPL,trade,191.84,4547,bearish,2026-04-22 19:29:40,2026-04-22,19,2.1100000000000136,188.81799999999998,False
AAPL,trade,184.2,391,bullish,2026-04-22 19:29:41,2026-04-22,19,-7.640000000000015,187.674,False
AAPL,price_update,188.12,8807,bullish,2026-04-22 19:29:47,2026-04-22,19,3.920000000000016,188.624,True
AAPL,price_update,187.97,6044,neutral,2026-04-22 19:30:02,2026-04-22,19,-0.15000000000000568,188.372,True
AAPL,price_update,165.82,7791,neutral,2026-04-22 19:30:19,2026-04-22,19,-22.150000000000006,183.58999999999997,True
AAPL,trade,181.03,7773,neutral,2026-04-22 19:30:29,2026-04-22,19,15.210000000000008,181.42799999999997,True
AAPL,trade,163.62,5871,bearish,2026-04-22 19:30:35,2026-04-22,19,-17.409999999999997,177.31199999999998,True
AAPL,trade,190.46,7327,bullish,2026-04-22 19:30:44,2026-04-22,19,26.840000000000003,177.78,True
AAPL,price_update,193.19,4115,neutral,2026-04-22 19:30:52,2026-04-22,19,2.7299999999999898,178.824,False
AAPL,trade,187.9,2903,neutral,2026-04-22 19:30:57,2026-04-22,19,-5.289999999999992,183.24,False
AAPL,trade,176.1,9436,bearish,2026-04-22 19:31:03,2026-04-22,19,-11.800000000000011,182.25400000000002,True
AAPL,price_update,165.8,9993,bearish,2026-04-22 19:31:11,2026-04-22,19,-10.299999999999983,182.69,True
AAPL,price_update,190.53,265,bearish,2026-04-22 19:31:19,2026-04-22,19,24.72999999999999,182.704,False
AAPL,trade,188.08,9056,bearish,2026-04-22 19:31:59,2026-04-22,19,-2.4499999999999886,181.682,True
AAPL,trade,179.98,3689,neutral,2026-04-22 19:32:03,2026-04-22,19,-8.100000000000023,180.098,False
AAPL,trade,192.65,7294,bearish,2026-04-22 19:32:13,2026-04-22,19,12.670000000000016,183.408,True
AAPL,price_update,189.62,990,bullish,2026-04-22 19:32:17,2026-04-22,19,-3.030000000000001,188.172,False
AAPL,price_update,192.41,9723,bearish,2026-04-22 19:32:26,2026-04-22,19,2.789999999999992,188.548,True
AAPL,trade,184.41,9730,neutral,2026-04-22 19:32:33,2026-04-22,19,-8.0,187.81400000000002,True
AAPL,trade,187.41,4559,bearish,2026-04-22 19:32:39,2026-04-22,19,3.0,189.3,False
AAPL,trade,191.58,6481,bullish,2026-04-22 19:32:43,2026-04-22,19,4.170000000000016,189.086,True
AAPL,price_update,183.99,398,neutral,2026-04-22 19:32:45,2026-04-22,19,-7.590000000000003,187.96,False
AAPL,price_update,181.2,3903,neutral,2026-04-22 19:32:55,2026-04-22,19,-2.7900000000000205,185.71800000000002,False
AAPL,price_update,176.92,531,neutral,2026-04-22 19:33:13,2026-04-22,19,-4.280000000000001,184.21999999999997,False
AAPL,trade,193.46,3467,neutral,2026-04-22 19:33:19,2026-04-22,19,16.54000000000002,185.43,False
AAPL,price_update,166.52,5796,bullish,2026-04-22 19:33:19,2026-04-22,19,-26.939999999999998,180.41799999999998,True
AAPL,trade,161.27,9971,bearish,2026-04-22 19:33:19,2026-04-22,19,-5.25,175.874,True
AAPL,price_update,185.09,2019,bullish,2026-04-22 19:33:32,2026-04-22,19,23.819999999999993,176.652,False
AAPL,trade,166.81,604,neutral,2026-04-22 19:33:32,2026-04-22,19,-18.28,174.63,False
AAPL,trade,183.36,6467,bearish,2026-04-22 19:33:33,2026-04-22,19,16.55000000000001,172.61,True
AAPL,price_update,195.04,2847,bullish,2026-04-22 19:33:56,2026-04-22,19,11.679999999999978,178.314,False
AAPL,trade,185.46,1186,bearish,2026-04-22 19:34:23,2026-04-22,19,-9.579999999999984,183.152,False
AAPL,trade,188.69,8715,neutral,2026-04-22 19:34:24,2026-04-22,19,3.2299999999999898,183.872,True
AAPL,trade,166.55,1462,bullish,2026-04-22 19:34:34,2026-04-22,19,-22.139999999999986,183.82,False
AAPL,price_update,176.29,8966,bullish,2026-04-22 19:35:08,2026-04-22,19,9.73999999999998,182.406,True
AAPL,trade,189.65,3917,bullish,2026-04-22 19:35:12,2026-04-22,19,13.360000000000014,181.32800000000003,False
AAPL,price_update,183.62,6675,neutral,2026-04-22 19:35:12,2026-04-22,19,-6.030000000000001,180.95999999999998,True
AAPL,price_update,167.52,9005,bearish,2026-04-22 19:35:30,2026-04-22,19,-16.099999999999994,176.726,True
AAPL,price_update,185.87,3759,bullish,2026-04-22 19:35:39,2026-04-22,19,18.349999999999994,180.59,False
AAPL,trade,189.86,805,bearish,2026-04-22 19:35:41,2026-04-22,19,3.990000000000009,183.30400000000003,False
AAPL,price_update,187.09,2888,bullish,2026-04-22 19:35:54,2026-04-22,19,-2.7700000000000102,182.792,False
AAPL,trade,185.69,7198,neutral,2026-04-22 19:36:01,2026-04-22,19,-1.4000000000000057,183.206,True
AAPL,price_update,192.14,5246,bullish,2026-04-22 19:36:54,2026-04-22,19,6.449999999999989,188.13,True
AAPL,price_update,161.47,8831,bullish,2026-04-22 19:37:07,2026-04-22,19,-30.669999999999987,183.25,True
AAPL,price_update,178.64,7615,bullish,2026-04-22 19:37:11,2026-04-22,19,17.169999999999987,181.006,True
AAPL,trade,185.16,6232,bearish,2026-04-22 19:37:20,2026-04-22,19,6.52000000000001,180.62,True
AAPL,price_update,164.0,8664,neutral,2026-04-22 19:37:33,2026-04-22,19,-21.159999999999997,176.28199999999998,True
AAPL,price_update,189.22,4449,bullish,2026-04-22 19:37:36,2026-04-22,19,25.22,175.698,False
AAPL,price_update,191.56,7048,neutral,2026-04-22 19:37:37,2026-04-22,19,2.3400000000000034,181.71599999999998,True
AAPL,price_update,192.15,6613,bearish,2026-04-22 19:37:40,2026-04-22,19,0.5900000000000034,184.41799999999998,True
AAPL,trade,190.43,2384,bearish,2026-04-22 19:37:45,2026-04-22,19,-1.7199999999999989,185.472,False
AAPL,price_update,166.84,4153,neutral,2026-04-22 19:37:56,2026-04-22,19,-23.590000000000003,186.04000000000002,False
AAPL,price_update,194.82,1033,bullish,2026-04-22 19:37:58,2026-04-22,19,27.97999999999999,187.16,False
AAPL,trade,189.1,3356,bearish,2026-04-22 19:38:05,2026-04-22,19,-5.719999999999999,186.668,False
AAPL,price_update,184.15,2896,bearish,2026-04-22 19:38:35,2026-04-22,19,-4.949999999999989,185.068,False
AAPL,price_update,188.69,9756,bearish,2026-04-22 19:39:09,2026-04-22,19,4.539999999999992,184.72,True
AAPL,price_update,188.2,1532,bullish,2026-04-22 19:39:10,2026-04-22,19,-0.4900000000000091,188.992,False
AAPL,trade,189.19,7118,neutral,2026-04-22 19:39:24,2026-04-22,19,0.9900000000000091,187.866,True
AAPL,price_update,187.92,9283,bullish,2026-04-22 19:39:39,2026-04-22,19,-1.2700000000000102,187.63,True
AAPL,price_update,182.53,8451,bullish,2026-04-22 19:39:41,2026-04-22,19,-5.389999999999986,187.30599999999998,True
AAPL,trade,164.84,2798,bullish,2026-04-22 19:39:44,2026-04-22,19,-17.689999999999998,182.536,False
AAPL,price_update,185.12,6963,neutral,2026-04-22 19:39:52,2026-04-22,19,20.28,181.92000000000002,True
AAPL,trade,194.22,3075,neutral,2026-04-22 19:39:53,2026-04-22,19,9.099999999999994,182.926,False
AAPL,price_update,166.35,5461,neutral,2026-04-22 19:40:09,2026-04-22,19,-27.870000000000005,178.612,True
AAPL,trade,163.27,8799,neutral,2026-04-22 19:40:21,2026-04-22,19,-3.079999999999984,174.76000000000002,True
AAPL,price_update,164.4,5445,bullish,2026-04-22 19:40:22,2026-04-22,19,1.1299999999999955,174.672,True
AAPL,trade,164.96,6202,neutral,2026-04-22 19:40:24,2026-04-22,19,0.5600000000000023,170.64000000000001,True
AAPL,price_update,190.39,284,bullish,2026-04-22 19:40:42,2026-04-22,19,25.42999999999998,169.874,False
AAPL,trade,189.77,8466,bullish,2026-04-22 19:41:00,2026-04-22,19,-0.6199999999999761,174.558,True
AAPL,price_update,183.17,5647,bullish,2026-04-22 19:41:02,2026-04-22,19,-6.600000000000023,178.53799999999998,True
AAPL,price_update,189.81,3247,neutral,2026-04-22 19:41:07,2026-04-22,19,6.640000000000015,183.62,False
AAPL,trade,195.03,6120,neutral,2026-04-22 19:41:16,2026-04-22,19,5.219999999999999,189.634,True
AAPL,price_update,187.59,9025,bearish,2026-04-22 19:41:26,2026-04-22,19,-7.439999999999998,189.074,True
AAPL,trade,176.95,8585,bullish,2026-04-22 19:41:33,2026-04-22,19,-10.640000000000015,186.51,True
AAPL,price_update,173.64,142,neutral,2026-04-22 19:41:44,2026-04-22,19,-3.3100000000000023,184.60399999999998,False
AAPL,price_update,186.31,7171,bullish,2026-04-22 19:41:49,2026-04-22,19,12.670000000000016,183.904,True
AAPL,price_update,182.78,610,bullish,2026-04-22 19:41:49,2026-04-22,19,-3.530000000000001,181.454,False
AAPL,price_update,187.46,9198,neutral,2026-04-22 19:41:53,2026-04-22,19,4.680000000000007,181.428,True
AAPL,trade,184.09,5618,neutral,2026-04-22 19:41:59,2026-04-22,19,-3.3700000000000045,182.856,True
AAPL,price_update,193.7,4201,bullish,2026-04-22 19:42:21,2026-04-22,19,9.609999999999985,186.868,False
AAPL,trade,187.23,5859,bullish,2026-04-22 19:42:31,2026-04-22,19,-6.469999999999999,187.052,True
AAPL,trade,166.13,8943,bullish,2026-04-22 19:42:47,2026-04-22,19,-21.099999999999994,183.722,True
AAPL,price_update,185.92,1427,bearish,2026-04-22 19:43:11,2026-04-22,19,19.789999999999992,183.414,False
AAPL,price_update,188.27,4585,bearish,2026-04-22 19:43:13,2026-04-22,19,2.3500000000000227,184.25,False
AAPL,trade,191.48,623,neutral,2026-04-22 19:43:16,2026-04-22,19,3.2099999999999795,183.80599999999998,False
AAPL,price_update,167.72,9993,bullish,2026-04-22 19:43:16,2026-04-22,19,-23.75999999999999,179.904,True
AAPL,trade,190.03,8296,bullish,2026-04-22 19:43:23,2026-04-22,19,22.310000000000002,184.684,True
AAPL,trade,164.29,2767,bullish,2026-04-22 19:43:32,2026-04-22,19,-25.74000000000001,180.358,False
AAPL,trade,166.67,213,bearish,2026-04-22 19:43:54,2026-04-22,19,2.3799999999999955,176.038,False
AAPL,trade,192.23,5829,bearish,2026-04-22 19:43:58,2026-04-22,19,25.560000000000002,176.188,True
AAPL,price_update,168.57,3177,bullish,2026-04-22 19:44:00,2026-04-22,19,-23.659999999999997,176.358,False
AAPL,trade,190.77,6187,bullish,2026-04-22 19:44:13,2026-04-22,19,22.200000000000017,176.506,True
AAPL,price_update,187.76,4447,bearish,2026-04-22 19:44:24,2026-04-22,19,-3.0100000000000193,181.2,False
AAPL,trade,193.47,202,bearish,2026-04-22 19:44:31,2026-04-22,19,5.710000000000008,186.56,False
AAPL,trade,185.28,2202,neutral,2026-04-22 19:44:35,2026-04-22,19,-8.189999999999998,185.17000000000002,False
AAPL,price_update,185.55,6964,bearish,2026-04-22 19:44:49,2026-04-22,19,0.27000000000001023,188.56599999999997,True
AAPL,price_update,193.31,9843,bullish,2026-04-22 19:44:53,2026-04-22,19,7.759999999999991,189.074,True
AAPL,trade,193.39,1405,neutral,2026-04-22 19:44:57,2026-04-22,19,0.07999999999998408,190.2,False
AAPL,price_update,169.12,7505,bullish,2026-04-22 19:45:12,2026-04-22,19,-24.269999999999982,185.32999999999998,True
AAPL,price_update,185.88,8646,neutral,2026-04-22 19:45:17,2026-04-22,19,16.75999999999999,185.45,True
AAPL,trade,193.8,663,bearish,2026-04-22 19:45:32,2026-04-22,19,7.920000000000016,187.1,False
AAPL,trade,190.63,1574,neutral,2026-04-22 19:45:36,2026-04-22,19,-3.170000000000016,186.564,False
AAPL,trade,172.17,625,neutral,2026-04-22 19:45:49,2026-04-22,19,-18.460000000000008,182.32,False
AAPL,trade,164.12,7105,bullish,2026-04-22 19:46:01,2026-04-22,19,-8.049999999999983,181.32,True
AAPL,trade,181.22,2416,bullish,2026-04-22 19:46:04,2026-04-22,19,17.099999999999994,180.388,False
AAPL,trade,190.06,6814,bearish,2026-04-22 19:46:08,2026-04-22,19,8.840000000000003,179.64000000000001,True
AAPL,price_update,189.33,2167,bearish,2026-04-22 19:46:10,2026-04-22,19,-0.7299999999999898,179.38,False
AAPL,trade,165.56,270,bullish,2026-04-22 19:46:11,2026-04-22,19,-23.77000000000001,178.058,False
AAPL,trade,166.7,6617,bearish,2026-04-22 19:46:17,2026-04-22,19,1.1399999999999864,178.574,True
AAPL,price_update,193.04,1419,bullish,2026-04-22 19:46:20,2026-04-22,19,26.340000000000003,180.93800000000002,False
AAPL,price_update,172.01,3257,bullish,2026-04-22 19:46:30,2026-04-22,19,-21.03,177.328,False
AAPL,price_update,168.31,8542,bearish,2026-04-22 19:46:39,2026-04-22,19,-3.6999999999999886,173.12399999999997,True
AAPL,trade,161.13,1973,neutral,2026-04-22 19:46:50,2026-04-22,19,-7.180000000000007,172.238,False
AAPL,price_update,174.95,1487,bearish,2026-04-22 19:46:55,2026-04-22,19,13.819999999999993,173.88799999999998,False
AAPL,trade,191.15,8278,bearish,2026-04-22 19:47:12,2026-04-22,19,16.200000000000017,173.51,True
AAPL,price_update,190.34,8493,bearish,2026-04-22 19:47:32,2026-04-22,19,-0.8100000000000023,177.176,True
AAPL,trade,185.26,5942,bullish,2026-04-22 19:47:51,2026-04-22,19,-5.0800000000000125,180.56599999999997,True
AAPL,price_update,184.21,5807,neutral,2026-04-22 19:47:56,2026-04-22,19,-1.049999999999983,185.18200000000002,True
AAPL,trade,189.42,5721,bearish,2026-04-22 19:47:58,2026-04-22,19,5.2099999999999795,188.076,True
AAPL,trade,164.9,9524,bearish,2026-04-22 19:47:58,2026-04-22,19,-24.519999999999982,182.826,True
AAPL,trade,190.4,8981,bearish,2026-04-22 19:48:12,2026-04-22,19,25.5,182.83800000000002,True
AAPL,price_update,181.45,8218,neutral,2026-04-22 19:48:23,2026-04-22,19,-8.950000000000017,182.076,True
AAPL,price_update,166.06,2457,bullish,2026-04-22 19:48:29,2026-04-22,19,-15.389999999999986,178.446,False
AAPL,trade,190.63,8236,bearish,2026-04-22 19:48:40,2026-04-22,19,24.569999999999993,178.68800000000002,True
AAPL,price_update,185.4,7571,bearish,2026-04-22 19:48:45,2026-04-22,19,-5.22999999999999,182.788,True
AAPL,trade,194.87,5139,neutral,2026-04-22 19:48:57,2026-04-22,19,9.469999999999999,183.682,True
AAPL,trade,195.31,3105,neutral,2026-04-22 19:48:59,2026-04-22,19,0.4399999999999977,186.454,False
AAPL,price_update,186.4,858,bullish,2026-04-22 19:49:06,2026-04-22,19,-8.909999999999997,190.52200000000002,False
AAPL,trade,191.1,7180,bearish,2026-04-22 19:49:28,2026-04-22,19,4.699999999999989,190.61599999999999,True
AAPL,trade,194.89,541,bearish,2026-04-22 19:49:33,2026-04-22,19,3.789999999999992,192.51399999999998,False
AAPL,trade,183.19,9244,neutral,2026-04-22 19:49:35,2026-04-22,19,-11.699999999999989,190.178,True
AAPL,trade,182.09,411,bearish,2026-04-22 19:49:45,2026-04-22,19,-1.0999999999999943,187.53400000000002,False
AAPL,trade,191.18,7255,bullish,2026-04-22 19:50:06,2026-04-22,19,9.090000000000003,188.48999999999998,True
AAPL,price_update,190.08,1673,neutral,2026-04-22 19:50:15,2026-04-22,19,-1.0999999999999943,188.286,False
AAPL,trade,164.34,6035,bearish,2026-04-22 19:50:15,2026-04-22,19,-25.74000000000001,182.17600000000002,True
AAPL,trade,189.26,5408,bearish,2026-04-22 19:50:22,2026-04-22,19,24.919999999999987,183.39000000000001,True
AAPL,price_update,184.26,3642,neutral,2026-04-22 19:50:23,2026-04-22,19,-5.0,183.824,False
AAPL,trade,186.19,1760,neutral,2026-04-22 19:50:31,2026-04-22,19,1.9300000000000068,182.826,False
AAPL,trade,164.91,4013,bullish,2026-04-22 19:50:41,2026-04-22,19,-21.28,177.79199999999997,False
AAPL,price_update,185.1,9267,bullish,2026-04-22 19:50:47,2026-04-22,19,20.189999999999998,181.944,True
AAPL,trade,189.39,4565,bearish,2026-04-22 19:50:47,2026-04-22,19,4.289999999999992,181.97,False
AAPL,price_update,192.78,4480,bearish,2026-04-22 19:51:03,2026-04-22,19,3.390000000000015,183.67399999999998,False
AAPL,trade,177.32,9062,bullish,2026-04-22 19:51:06,2026-04-22,19,-15.460000000000008,181.9,True
AAPL,price_update,188.81,1941,neutral,2026-04-22 19:51:12,2026-04-22,19,11.490000000000009,186.68,False
AAPL,trade,192.04,8119,neutral,2026-04-22 19:51:13,2026-04-22,19,3.2299999999999898,188.06799999999998,True
AAPL,price_update,166.95,1462,neutral,2026-04-22 19:51:15,2026-04-22,19,-25.090000000000003,183.57999999999998,False
AAPL,trade,183.99,8967,bearish,2026-04-22 19:51:18,2026-04-22,19,17.04000000000002,181.822,True
AAPL,price_update,187.85,8520,bullish,2026-04-22 19:51:39,2026-04-22,19,3.859999999999985,183.928,True
AAPL,price_update,188.36,4422,bullish,2026-04-22 19:51:44,2026-04-22,19,0.5100000000000193,183.83800000000002,False
AAPL,price_update,191.13,8925,bullish,2026-04-22 19:51:45,2026-04-22,19,2.769999999999982,183.656,True
AAPL,trade,193.63,5870,bearish,2026-04-22 19:51:45,2026-04-22,19,2.5,188.99200000000002,True
AAPL,trade,187.35,7246,neutral,2026-04-22 19:51:58,2026-04-22,19,-6.280000000000001,189.664,True
AAPL,price_update,184.94,4297,bearish,2026-04-22 19:52:17,2026-04-22,19,-2.4099999999999966,189.082,False
AAPL,price_update,192.28,4785,bearish,2026-04-22 19:52:22,2026-04-22,19,7.340000000000003,189.86599999999999,False
AAPL,price_update,191.62,8572,neutral,2026-04-22 19:52:25,2026-04-22,19,-0.6599999999999966,189.964,True
AAPL,price_update,181.22,5076,bearish,2026-04-22 19:52:25,2026-04-22,19,-10.400000000000006,187.482,True
AAPL,price_update,167.01,2998,bullish,2026-04-22 19:52:38,2026-04-22,19,-14.210000000000008,183.414,False
AAPL,price_update,183.28,7974,neutral,2026-04-22 19:52:47,2026-04-22,19,16.27000000000001,183.082,True
AAPL,trade,163.81,1422,neutral,2026-04-22 19:52:50,2026-04-22,19,-19.47,177.388,False
AAPL,price_update,186.21,4838,bearish,2026-04-22 19:53:07,2026-04-22,19,22.400000000000006,176.30599999999998,False
AAPL,trade,173.17,6373,neutral,2026-04-22 19:53:11,2026-04-22,19,-13.04000000000002,174.696,True
AAPL,price_update,168.74,1870,bearish,2026-04-22 19:53:13,2026-04-22,19,-4.429999999999978,175.042,False
AAPL,price_update,171.48,4757,bullish,2026-04-22 19:53:16,2026-04-22,19,2.7399999999999807,172.68200000000002,False
AAPL,price_update,178.35,2090,bearish,2026-04-22 19:53:21,2026-04-22,19,6.8700000000000045,175.58999999999997,False
AAPL,trade,189.02,2991,neutral,2026-04-22 19:53:32,2026-04-22,19,10.670000000000016,176.152,False
AAPL,trade,166.76,6141,neutral,2026-04-22 19:53:41,2026-04-22,19,-22.26000000000002,174.86999999999998,True
AAPL,price_update,187.95,8556,neutral,2026-04-22 19:53:51,2026-04-22,19,21.189999999999998,178.712,True
AAPL,trade,185.33,3798,neutral,2026-04-22 19:53:53,2026-04-22,19,-2.619999999999976,181.482,False
AAPL,price_update,194.7,8316,bullish,2026-04-22 19:53:59,2026-04-22,19,9.369999999999976,184.752,True
AAPL,trade,185.53,8105,bullish,2026-04-22 19:54:10,2026-04-22,19,-9.169999999999987,184.054,True
AAPL,price_update,170.47,5627,bullish,2026-04-22 19:54:18,2026-04-22,19,-15.060000000000002,184.796,True
AAPL,trade,189.45,7041,neutral,2026-04-22 19:54:34,2026-04-22,19,18.97999999999999,185.096,True
AAPL,price_update,180.27,625,bearish,2026-04-22 19:54:41,2026-04-22,19,-9.179999999999978,184.084,False
AAPL,price_update,183.46,2963,bullish,2026-04-22 19:54:43,2026-04-22,19,3.1899999999999977,181.836,False
AAPL,price_update,168.13,5486,neutral,2026-04-22 19:54:48,2026-04-22,19,-15.330000000000013,178.35600000000002,True
AAPL,price_update,173.92,7280,neutral,2026-04-22 19:55:08,2026-04-22,19,5.789999999999992,179.046,True
AAPL,price_update,188.66,2470,bearish,2026-04-22 19:55:22,2026-04-22,19,14.740000000000009,178.88799999999998,False
AAPL,trade,182.37,610,neutral,2026-04-22 19:55:29,2026-04-22,19,-6.289999999999992,179.308,False
AAPL,price_update,187.43,5355,bullish,2026-04-22 19:55:34,2026-04-22,19,5.060000000000002,180.102,True
AAPL,price_update,191.52,3906,bearish,2026-04-22 19:55:40,2026-04-22,19,4.090000000000003,184.78,False
AAPL,price_update,184.39,2054,bearish,2026-04-22 19:56:03,2026-04-22,19,-7.130000000000024,186.874,False
AAPL,trade,191.6,6730,bearish,2026-04-22 19:56:09,2026-04-22,19,7.210000000000008,187.46200000000002,True
AAPL,trade,191.81,8386,bullish,2026-04-22 19:56:13,2026-04-22,19,0.21000000000000796,189.35,True
AAPL,price_update,185.03,3601,neutral,2026-04-22 19:56:18,2026-04-22,19,-6.780000000000001,188.86999999999998,False
AAPL,price_update,184.3,6807,bearish,2026-04-22 19:56:26,2026-04-22,19,-0.7299999999999898,187.426,True
AAPL,trade,165.56,6696,bearish,2026-04-22 19:56:26,2026-04-22,19,-18.74000000000001,183.66,True
AAPL,trade,186.71,5662,bullish,2026-04-22 19:56:37,2026-04-22,19,21.150000000000006,182.682,True
AAPL,price_update,177.03,5594,bullish,2026-04-22 19:56:42,2026-04-22,19,-9.680000000000007,179.72600000000003,True
AAPL,price_update,185.65,828,bullish,2026-04-22 19:57:08,2026-04-22,19,8.620000000000005,179.85000000000002,False
AAPL,trade,166.3,3993,neutral,2026-04-22 19:57:20,2026-04-22,19,-19.349999999999994,176.25,False
AAPL,price_update,192.97,9539,neutral,2026-04-22 19:57:24,2026-04-22,19,26.669999999999987,181.73200000000003,True
AAPL,trade,194.6,5520,bullish,2026-04-22 19:57:43,2026-04-22,19,1.6299999999999955,183.31,True
AAPL,trade,186.43,7642,bullish,2026-04-22 19:58:00,2026-04-22,19,-8.169999999999987,185.19,True
AAPL,price_update,186.08,5709,bullish,2026-04-22 19:58:04,2026-04-22,19,-0.3499999999999943,185.276,True
AAPL,price_update,189.5,5463,bullish,2026-04-22 19:58:12,2026-04-22,19,3.4199999999999875,189.916,True
AAPL,price_update,187.68,9081,neutral,2026-04-22 19:58:33,2026-04-22,19,-1.8199999999999932,188.858,True
AAPL,trade,188.62,9265,bullish,2026-04-22 19:58:35,2026-04-22,19,0.9399999999999977,187.66199999999998,True
AAPL,trade,175.85,2798,neutral,2026-04-22 19:58:40,2026-04-22,19,-12.77000000000001,185.546,False
AAPL,trade,162.85,8333,neutral,2026-04-22 19:58:42,2026-04-22,19,-13.0,180.9,True
AAPL,price_update,183.45,837,neutral,2026-04-22 19:59:01,2026-04-22,19,20.599999999999994,179.69,False
AAPL,price_update,187.57,4816,bearish,2026-04-22 19:59:01,2026-04-22,19,4.1200000000000045,179.66799999999998,False
AAPL,trade,187.77,9545,neutral,2026-04-22 19:59:14,2026-04-22,19,0.20000000000001705,179.498,True
AAPL,trade,187.05,337,bullish,2026-04-22 19:59:32,2026-04-22,19,-0.7199999999999989,181.738,False
AAPL,price_update,191.5,1355,bullish,2026-04-22 19:59:36,2026-04-22,19,4.449999999999989,187.46800000000002,False
AAPL,price_update,190.91,9453,bearish,2026-04-22 19:59:51,2026-04-22,19,-0.5900000000000034,188.96,True
AAPL,trade,176.28,6876,bearish,2026-04-22 20:00:10,2026-04-22,20,-14.629999999999995,186.702,True
AAPL,trade,183.83,6339,bullish,2026-04-22 20:00:15,2026-04-22,20,7.550000000000011,185.91400000000002,True
AAPL,trade,185.29,4596,bullish,2026-04-22 20:00:24,2026-04-22,20,1.4599999999999795,185.56199999999998,False
AAPL,trade,192.56,9865,neutral,2026-04-22 20:00:27,2026-04-22,20,7.27000000000001,185.774,True
AAPL,price_update,167.51,1240,bearish,2026-04-22 20:00:32,2026-04-22,20,-25.05000000000001,181.094,False
AAPL,price_update,189.63,5064,bearish,2026-04-22 20:00:35,2026-04-22,20,22.120000000000005,183.764,True
AAPL,trade,183.84,176,bullish,2026-04-22 20:00:46,2026-04-22,20,-5.789999999999992,183.766,False
AAPL,price_update,194.4,840,bullish,2026-04-22 20:00:51,2026-04-22,20,10.560000000000002,185.58800000000002,False
AAPL,price_update,187.08,6366,bearish,2026-04-22 20:01:02,2026-04-22,20,-7.319999999999993,184.49200000000002,True
AAPL,price_update,186.3,8932,bearish,2026-04-22 20:01:05,2026-04-22,20,-0.7800000000000011,188.25,True
AAPL,price_update,186.3,5495,bearish,2026-04-22 20:01:12,2026-04-22,20,0.0,187.584,True
AAPL,trade,188.16,6529,bullish,2026-04-22 20:01:24,2026-04-22,20,1.8599999999999852,188.44800000000004,True
AAPL,trade,182.36,5504,bullish,2026-04-22 20:01:28,2026-04-22,20,-5.799999999999983,186.04000000000002,True
AAPL,trade,162.3,6942,neutral,2026-04-22 20:01:33,2026-04-22,20,-20.060000000000002,181.084,True
AAPL,price_update,185.61,1442,bullish,2026-04-22 20:01:42,2026-04-22,20,23.310000000000002,180.946,False
AAPL,trade,184.38,4218,neutral,2026-04-22 20:01:55,2026-04-22,20,-1.2300000000000182,180.562,False
AAPL,trade,188.46,7179,neutral,2026-04-22 20:01:57,2026-04-22,20,4.0800000000000125,180.622,True
AAPL,trade,184.0,6479,bullish,2026-04-22 20:01:59,2026-04-22,20,-4.460000000000008,180.95,True
AAPL,trade,170.63,2423,bullish,2026-04-22 20:02:48,2026-04-22,20,-13.370000000000005,182.616,False
AAPL,trade,184.74,5126,neutral,2026-04-22 20:03:15,2026-04-22,20,14.110000000000014,182.442,True
AAPL,price_update,193.21,9887,bearish,2026-04-22 20:03:19,2026-04-22,20,8.469999999999999,184.20800000000003,True
AAPL,price_update,187.75,9176,neutral,2026-04-22 20:03:22,2026-04-22,20,-5.460000000000008,184.066,True
AAPL,price_update,193.17,7776,neutral,2026-04-22 20:03:40,2026-04-22,20,5.4199999999999875,185.9,True
AAPL,trade,170.16,5425,bullish,2026-04-22 20:03:53,2026-04-22,20,-23.00999999999999,185.80599999999998,True
AAPL,trade,170.28,965,bullish,2026-04-22 20:03:54,2026-04-22,20,0.12000000000000455,182.914,False
AAPL,price_update,191.54,7617,bullish,2026-04-22 20:04:12,2026-04-22,20,21.25999999999999,182.57999999999998,True
AAPL,price_update,182.38,1970,bearish,2026-04-22 20:04:22,2026-04-22,20,-9.159999999999997,181.506,False
AAPL,price_update,173.08,5927,bearish,2026-04-22 20:04:27,2026-04-22,20,-9.299999999999983,177.488,True
AAPL,trade,186.78,4339,bullish,2026-04-22 20:04:30,2026-04-22,20,13.699999999999989,180.812,False
AAPL,price_update,187.23,3247,bearish,2026-04-22 20:04:36,2026-04-22,20,0.44999999999998863,184.202,False
AAPL,price_update,165.55,7055,bullish,2026-04-22 20:04:40,2026-04-22,20,-21.67999999999998,179.004,True
AAPL,price_update,179.07,2370,neutral,2026-04-22 20:04:45,2026-04-22,20,13.519999999999982,178.342,False
AAPL,trade,169.88,8953,bearish,2026-04-22 20:04:46,2026-04-22,20,-9.189999999999998,177.702,True
AAPL,price_update,185.68,7560,bearish,2026-04-22 20:04:56,2026-04-22,20,15.800000000000011,177.482,True
AAPL,trade,185.68,6811,neutral,2026-04-22 20:05:02,2026-04-22,20,0.0,177.17200000000003,True
AAPL,price_update,165.31,2117,bearish,2026-04-22 20:05:05,2026-04-22,20,-20.370000000000005,177.124,False
AAPL,price_update,190.66,8750,neutral,2026-04-22 20:05:08,2026-04-22,20,25.349999999999994,179.44199999999998,True
AAPL,price_update,186.29,7177,bullish,2026-04-22 20:05:31,2026-04-22,20,-4.3700000000000045,182.724,True
AAPL,trade,193.36,4352,bearish,2026-04-22 20:05:35,2026-04-22,20,7.070000000000022,184.26,False
AAPL,price_update,181.09,9801,bearish,2026-04-22 20:05:38,2026-04-22,20,-12.27000000000001,183.34199999999998,True
AAPL,price_update,183.5,3599,bearish,2026-04-22 20:05:46,2026-04-22,20,2.4099999999999966,186.98,False
AAPL,trade,190.91,4646,bullish,2026-04-22 20:05:47,2026-04-22,20,7.409999999999997,187.03000000000003,False
AAPL,trade,167.44,8286,bearish,2026-04-22 20:05:51,2026-04-22,20,-23.47,183.26000000000002,True
AAPL,trade,184.59,4954,bullish,2026-04-22 20:06:02,2026-04-22,20,17.150000000000006,181.50600000000003,True
AAPL,price_update,169.88,8805,bullish,2026-04-22 20:06:04,2026-04-22,20,-14.710000000000008,179.264,True
AAPL,trade,185.43,3298,bullish,2026-04-22 20:06:06,2026-04-22,20,15.550000000000011,179.65,False
AAPL,trade,186.18,9635,bearish,2026-04-22 20:06:33,2026-04-22,20,0.75,178.704,True
AAPL,price_update,194.66,3400,bearish,2026-04-22 20:06:41,2026-04-22,20,8.47999999999999,184.148,False
AAPL,trade,193.21,4411,bullish,2026-04-22 20:06:56,2026-04-22,20,-1.4499999999999886,185.872,False
AAPL,trade,185.03,3653,neutral,2026-04-22 20:06:57,2026-04-22,20,-8.180000000000007,188.902,False
AAPL,price_update,182.18,9338,bearish,2026-04-22 20:06:59,2026-04-22,20,-2.8499999999999943,188.252,True
AAPL,price_update,186.58,8692,neutral,2026-04-22 20:07:04,2026-04-22,20,4.400000000000006,188.332,True
AAPL,price_update,194.04,4334,neutral,2026-04-22 20:07:07,2026-04-22,20,7.4599999999999795,188.208,False
AAPL,trade,165.39,3678,neutral,2026-04-22 20:07:31,2026-04-22,20,-28.650000000000006,182.644,False
AAPL,price_update,186.65,4237,neutral,2026-04-22 20:07:33,2026-04-22,20,21.26000000000002,182.96800000000002,False
AAPL,price_update,186.16,1687,bearish,2026-04-22 20:07:45,2026-04-22,20,-0.4900000000000091,183.764,False
AAPL,trade,189.77,9776,bearish,2026-04-22 20:07:51,2026-04-22,20,3.6100000000000136,184.402,True
AAPL,price_update,188.88,2598,bearish,2026-04-22 20:07:55,2026-04-22,20,-0.8900000000000148,183.37,False
AAPL,trade,173.08,8797,bullish,2026-04-22 20:07:58,2026-04-22,20,-15.799999999999983,184.90800000000002,True
AAPL,price_update,168.71,7834,bearish,2026-04-22 20:08:05,2026-04-22,20,-4.3700000000000045,181.32,True
AAPL,trade,190.44,5856,bearish,2026-04-22 20:08:18,2026-04-22,20,21.72999999999999,182.176,True
AAPL,trade,194.4,5815,bullish,2026-04-22 20:08:22,2026-04-22,20,3.960000000000008,183.102,True
AAPL,price_update,191.28,3210,bearish,2026-04-22 20:08:44,2026-04-22,20,-3.1200000000000045,183.58200000000002,False
AAPL,trade,186.64,2115,bearish,2026-04-22 20:08:50,2026-04-22,20,-4.640000000000015,186.294,False
AAPL,trade,184.87,2500,neutral,2026-04-22 20:08:55,2026-04-22,20,-1.7699999999999818,189.526,False
AAPL,price_update,169.27,1386,bearish,2026-04-22 20:09:01,2026-04-22,20,-15.599999999999994,185.292,False
AAPL,price_update,183.96,8437,bearish,2026-04-22 20:09:10,2026-04-22,20,14.689999999999998,183.204,True
AAPL,price_update,190.28,8014,bullish,2026-04-22 20:09:15,2026-04-22,20,6.319999999999993,183.004,True
AAPL,trade,184.55,8004,neutral,2026-04-22 20:09:17,2026-04-22,20,-5.72999999999999,182.586,True
AAPL,trade,182.85,4983,neutral,2026-04-22 20:09:23,2026-04-22,20,-1.700000000000017,182.182,True
AAPL,trade,191.32,3550,bearish,2026-04-22 20:09:24,2026-04-22,20,8.469999999999999,186.592,False
AAPL,trade,167.28,2527,bullish,2026-04-22 20:09:33,2026-04-22,20,-24.039999999999992,183.256,False
AAPL,trade,192.73,1516,bearish,2026-04-22 20:09:37,2026-04-22,20,25.44999999999999,183.746,False
AAPL,trade,183.14,1643,bullish,2026-04-22 20:09:50,2026-04-22,20,-9.590000000000003,183.464,False
AAPL,trade,186.17,6025,bullish,2026-04-22 20:09:53,2026-04-22,20,3.030000000000001,184.128,True
AAPL,price_update,184.42,9575,bullish,2026-04-22 20:10:04,2026-04-22,20,-1.75,182.748,True
AAPL,price_update,189.73,5466,bearish,2026-04-22 20:10:07,2026-04-22,20,5.310000000000002,187.238,True
AAPL,trade,164.28,3947,neutral,2026-04-22 20:10:19,2026-04-22,20,-25.44999999999999,181.54799999999997,False
AAPL,price_update,190.27,4198,bullish,2026-04-22 20:10:46,2026-04-22,20,25.99000000000001,182.974,False
AAPL,trade,166.82,9524,neutral,2026-04-22 20:10:51,2026-04-22,20,-23.450000000000017,179.10399999999998,True
AAPL,trade,185.2,4412,bearish,2026-04-22 20:10:52,2026-04-22,20,18.379999999999995,179.26,False
AAPL,trade,184.73,1631,bearish,2026-04-22 20:11:01,2026-04-22,20,-0.46999999999999886,178.26,False
AAPL,price_update,163.11,8880,neutral,2026-04-22 20:11:04,2026-04-22,20,-21.619999999999976,178.026,True
AAPL,trade,162.86,3979,neutral,2026-04-22 20:11:07,2026-04-22,20,-0.25,172.54399999999998,False
AAPL,trade,167.83,5053,bullish,2026-04-22 20:11:12,2026-04-22,20,4.969999999999999,172.746,True
AAPL,price_update,192.57,8759,neutral,2026-04-22 20:11:37,2026-04-22,20,24.73999999999998,174.21999999999997,True
AAPL,trade,193.51,6136,bullish,2026-04-22 20:12:02,2026-04-22,20,0.9399999999999977,175.97600000000003,True
AAPL,price_update,184.87,1410,neutral,2026-04-22 20:12:17,2026-04-22,20,-8.639999999999986,180.32800000000003,False
AAPL,price_update,190.83,3543,bullish,2026-04-22 20:12:20,2026-04-22,20,5.960000000000008,185.922,False
AAPL,trade,186.3,8981,neutral,2026-04-22 20:12:32,2026-04-22,20,-4.530000000000001,189.616,True
AAPL,trade,186.19,1211,bearish,2026-04-22 20:12:45,2026-04-22,20,-0.11000000000001364,188.33999999999997,False
AAPL,price_update,185.72,8599,bullish,2026-04-22 20:12:47,2026-04-22,20,-0.46999999999999886,186.782,True
AAPL,trade,187.02,8750,bullish,2026-04-22 20:12:49,2026-04-22,20,1.3000000000000114,187.212,True
AAPL,price_update,171.91,8072,neutral,2026-04-22 20:13:03,2026-04-22,20,-15.110000000000014,183.42800000000003,True
AAPL,price_update,195.0,9197,bearish,2026-04-22 20:13:13,2026-04-22,20,23.090000000000003,185.16799999999998,True
AAPL,price_update,171.26,8208,bullish,2026-04-22 20:13:17,2026-04-22,20,-23.74000000000001,182.18200000000002,True
AAPL,trade,185.56,3329,neutral,2026-04-22 20:13:33,2026-04-22,20,14.300000000000011,182.15,False
AAPL,trade,188.63,2428,bullish,2026-04-22 20:13:34,2026-04-22,20,3.069999999999993,182.472,False
AAPL,trade,184.82,1747,bearish,2026-04-22 20:13:59,2026-04-22,20,-3.8100000000000023,185.054,False
AAPL,trade,185.03,4726,bearish,2026-04-22 20:14:18,2026-04-22,20,0.21000000000000796,183.06,False
AAPL,trade,193.26,6327,bearish,2026-04-22 20:14:21,2026-04-22,20,8.22999999999999,187.45999999999998,True
AAPL,trade,191.35,3480,bullish,2026-04-22 20:14:26,2026-04-22,20,-1.9099999999999966,188.618,False
AMZN,trade,3300.09,8349,neutral,2026-04-22 19:14:32,2026-04-22,19,,,True
AMZN,trade,3294.87,586,neutral,2026-04-22 19:14:36,2026-04-22,19,-5.220000000000255,,False
AMZN,price_update,3295.21,4485,bullish,2026-04-22 19:14:40,2026-04-22,19,0.3400000000001455,,False
AMZN,trade,3300.79,8415,bearish,2026-04-22 19:15:08,2026-04-22,19,5.579999999999927,,True
AMZN,price_update,3297.78,8937,bullish,2026-04-22 19:15:12,2026-04-22,19,-3.0099999999997635,3297.7480000000005,True
AMZN,trade,3299.08,4511,bullish,2026-04-22 19:15:17,2026-04-22,19,1.2999999999997272,3297.546,False
AMZN,trade,3289.69,7490,bearish,2026-04-22 19:15:25,2026-04-22,19,-9.389999999999873,3296.5100000000007,True
AMZN,trade,3283.53,9250,neutral,2026-04-22 19:15:28,2026-04-22,19,-6.1599999999998545,3294.174,True
AMZN,trade,3303.05,2711,bearish,2026-04-22 19:15:32,2026-04-22,19,19.519999999999982,3294.626,False
AMZN,trade,3287.13,8667,bullish,2026-04-22 19:15:34,2026-04-22,19,-15.920000000000073,3292.496,True
AMZN,price_update,3293.98,7524,bullish,2026-04-22 19:15:42,2026-04-22,19,6.849999999999909,3291.476,True
AMZN,price_update,3302.49,1995,bearish,2026-04-22 19:15:42,2026-04-22,19,8.509999999999764,3294.036,False
AMZN,price_update,3294.58,956,bearish,2026-04-22 19:15:47,2026-04-22,19,-7.9099999999998545,3296.246,False
AMZN,price_update,3289.81,3048,neutral,2026-04-22 19:15:50,2026-04-22,19,-4.769999999999982,3293.5980000000004,False
AMZN,price_update,3295.46,607,bullish,2026-04-22 19:16:04,2026-04-22,19,5.650000000000091,3295.264,False
AMZN,price_update,3293.96,526,bullish,2026-04-22 19:16:05,2026-04-22,19,-1.5,3295.2599999999998,False
AMZN,trade,3304.25,5628,bearish,2026-04-22 19:16:12,2026-04-22,19,10.289999999999964,3295.612,True
AMZN,price_update,3302.57,5247,bearish,2026-04-22 19:16:26,2026-04-22,19,-1.6799999999998363,3297.21,True
AMZN,price_update,3304.24,6937,neutral,2026-04-22 19:16:31,2026-04-22,19,1.669999999999618,3300.096,True
AMZN,trade,3307.92,8528,bullish,2026-04-22 19:16:52,2026-04-22,19,3.680000000000291,3302.5879999999997,True
AMZN,trade,3299.56,1041,neutral,2026-04-22 19:16:56,2026-04-22,19,-8.360000000000127,3303.708,False
AMZN,trade,3287.16,3560,bearish,2026-04-22 19:17:15,2026-04-22,19,-12.400000000000091,3300.29,False
AMZN,price_update,3292.97,2892,neutral,2026-04-22 19:17:16,2026-04-22,19,5.809999999999945,3298.37,False
AMZN,price_update,3294.03,7383,bullish,2026-04-22 19:17:48,2026-04-22,19,1.0600000000004002,3296.328,True
AMZN,price_update,3302.89,7959,bullish,2026-04-22 19:17:54,2026-04-22,19,8.859999999999673,3295.322,True
AMZN,trade,3295.9,3372,neutral,2026-04-22 19:18:06,2026-04-22,19,-6.989999999999782,3294.59,False
AMZN,trade,3292.81,5306,bearish,2026-04-22 19:18:29,2026-04-22,19,-3.0900000000001455,3295.72,True
AMZN,price_update,3295.82,3943,bullish,2026-04-22 19:18:30,2026-04-22,19,3.0100000000002183,3296.29,False
AMZN,trade,3295.48,8310,bearish,2026-04-22 19:19:04,2026-04-22,19,-0.3400000000001455,3296.5800000000004,True
AMZN,trade,3308.21,8876,bullish,2026-04-22 19:19:09,2026-04-22,19,12.730000000000018,3297.6440000000002,True
AMZN,price_update,3295.24,2383,neutral,2026-04-22 19:19:27,2026-04-22,19,-12.970000000000255,3297.512,False
AMZN,trade,3298.78,8361,bearish,2026-04-22 19:19:34,2026-04-22,19,3.5400000000004184,3298.7059999999997,True
AMZN,price_update,3296.75,3536,bearish,2026-04-22 19:19:40,2026-04-22,19,-2.0300000000002,3298.892,False
AMZN,trade,3301.04,9259,neutral,2026-04-22 19:19:44,2026-04-22,19,4.289999999999964,3300.004,True
AMZN,price_update,3289.57,2279,bullish,2026-04-22 19:19:44,2026-04-22,19,-11.4699999999998,3296.2760000000003,False
AMZN,trade,3289.09,4263,bullish,2026-04-22 19:19:44,2026-04-22,19,-0.4800000000000182,3295.046,False
AMZN,price_update,3299.33,9398,bearish,2026-04-22 19:19:51,2026-04-22,19,10.239999999999782,3295.156,True
AMZN,price_update,3288.3,5097,bearish,2026-04-22 19:19:53,2026-04-22,19,-11.029999999999745,3293.4660000000003,True
AMZN,trade,3303.35,1704,bearish,2026-04-22 19:20:17,2026-04-22,19,15.049999999999727,3293.928,False
AMZN,trade,3301.71,6996,bullish,2026-04-22 19:21:02,2026-04-22,19,-1.6399999999998727,3296.3559999999998,True
AMZN,trade,3294.51,6268,neutral,2026-04-22 19:21:08,2026-04-22,19,-7.199999999999818,3297.44,True
AMZN,trade,3292.88,9223,bullish,2026-04-22 19:21:11,2026-04-22,19,-1.6300000000001091,3296.15,True
AMZN,price_update,3300.36,630,bullish,2026-04-22 19:21:16,2026-04-22,19,7.480000000000018,3298.5620000000004,False
AMZN,price_update,3300.24,6109,bearish,2026-04-22 19:21:19,2026-04-22,19,-0.12000000000034561,3297.94,True
AMZN,trade,3298.68,774,neutral,2026-04-22 19:21:38,2026-04-22,19,-1.5599999999999454,3297.334,False
AMZN,trade,3295.09,1435,bullish,2026-04-22 19:21:45,2026-04-22,19,-3.5899999999996908,3297.45,False
AMZN,trade,3295.62,4189,bullish,2026-04-22 19:21:50,2026-04-22,19,0.5299999999997453,3297.9980000000005,False
AMZN,price_update,3308.02,7807,neutral,2026-04-22 19:21:59,2026-04-22,19,12.400000000000091,3299.53,True
AMZN,price_update,3299.01,8716,bullish,2026-04-22 19:22:06,2026-04-22,19,-9.009999999999764,3299.2839999999997,True
AMZN,trade,3295.57,7680,bearish,2026-04-22 19:22:18,2026-04-22,19,-3.4400000000000546,3298.6620000000003,True
AMZN,price_update,3297.07,8544,neutral,2026-04-22 19:22:32,2026-04-22,19,1.5,3299.058,True
AMZN,trade,3293.51,4464,bullish,2026-04-22 19:22:32,2026-04-22,19,-3.5599999999999454,3298.636,False
AMZN,price_update,3300.36,3217,bullish,2026-04-22 19:22:47,2026-04-22,19,6.849999999999909,3297.1040000000003,False
AMZN,price_update,3297.66,2758,neutral,2026-04-22 19:22:55,2026-04-22,19,-2.700000000000273,3296.8340000000003,False
AMZN,price_update,3296.47,4657,bullish,2026-04-22 19:23:10,2026-04-22,19,-1.1900000000000546,3297.014,False
AMZN,price_update,3293.05,8473,bearish,2026-04-22 19:23:16,2026-04-22,19,-3.419999999999618,3296.2100000000005,True
AMZN,price_update,3297.3,3729,neutral,2026-04-22 19:23:27,2026-04-22,19,4.25,3296.968,False
AMZN,price_update,3302.35,639,bearish,2026-04-22 19:23:38,2026-04-22,19,5.049999999999727,3297.3660000000004,False
AMZN,trade,3295.96,8227,bearish,2026-04-22 19:23:39,2026-04-22,19,-6.389999999999873,3297.0260000000003,True
AMZN,trade,3301.58,9285,bullish,2026-04-22 19:24:02,2026-04-22,19,5.619999999999891,3298.048,True
AMZN,trade,3297.09,2885,bearish,2026-04-22 19:24:23,2026-04-22,19,-4.489999999999782,3298.8559999999998,False
AMZN,trade,3299.63,8929,bearish,2026-04-22 19:24:24,2026-04-22,19,2.5399999999999636,3299.322,True
AMZN,trade,3296.24,2154,neutral,2026-04-22 19:24:25,2026-04-22,19,-3.3900000000003274,3298.1,False
AMZN,trade,3297.8,3061,bullish,2026-04-22 19:24:29,2026-04-22,19,1.5600000000004002,3298.468,False
AMZN,price_update,3294.08,6128,neutral,2026-04-22 19:24:30,2026-04-22,19,-3.7200000000002547,3296.968,True
AMZN,trade,3293.03,6155,bullish,2026-04-22 19:24:34,2026-04-22,19,-1.0499999999997272,3296.156,True
AMZN,trade,3284.75,2994,bearish,2026-04-22 19:25:20,2026-04-22,19,-8.2800000000002,3293.1800000000003,False
AMZN,trade,3296.7,8289,bearish,2026-04-22 19:25:22,2026-04-22,19,11.949999999999818,3293.272,True
AMZN,price_update,3294.8,1892,bearish,2026-04-22 19:25:28,2026-04-22,19,-1.8999999999996362,3292.672,False
AMZN,price_update,3290.92,5694,neutral,2026-04-22 19:25:32,2026-04-22,19,-3.880000000000109,3292.04,True
AMZN,trade,3292.14,6839,neutral,2026-04-22 19:25:32,2026-04-22,19,1.2199999999998,3291.862,True
AMZN,trade,3296.11,4238,bearish,2026-04-22 19:25:41,2026-04-22,19,3.9700000000002547,3294.1340000000005,False
AMZN,price_update,3293.66,4202,neutral,2026-04-22 19:25:41,2026-04-22,19,-2.450000000000273,3293.5260000000003,False
AMZN,trade,3297.96,2160,bearish,2026-04-22 19:25:57,2026-04-22,19,4.300000000000182,3294.1580000000004,False
AMZN,trade,3295.69,5874,neutral,2026-04-22 19:26:25,2026-04-22,19,-2.269999999999982,3295.1119999999996,True
AMZN,trade,3292.65,699,bearish,2026-04-22 19:26:29,2026-04-22,19,-3.0399999999999636,3295.214,False
AMZN,price_update,3293.05,2038,bullish,2026-04-22 19:26:34,2026-04-22,19,0.40000000000009095,3294.602,False
AMZN,trade,3291.5,8751,bullish,2026-04-22 19:26:47,2026-04-22,19,-1.550000000000182,3294.1699999999996,True
AMZN,trade,3296.0,1927,bullish,2026-04-22 19:26:51,2026-04-22,19,4.5,3293.778,False
AMZN,price_update,3298.13,6163,bearish,2026-04-22 19:26:53,2026-04-22,19,2.130000000000109,3294.2660000000005,True
AMZN,trade,3289.1,655,neutral,2026-04-22 19:27:18,2026-04-22,19,-9.0300000000002,3293.5559999999996,False
AMZN,trade,3296.07,629,bullish,2026-04-22 19:27:22,2026-04-22,19,6.970000000000255,3294.1600000000008,False
AMZN,price_update,3296.83,4997,bearish,2026-04-22 19:27:33,2026-04-22,19,0.7599999999997635,3295.226,True
AMZN,price_update,3300.53,9201,bullish,2026-04-22 19:27:34,2026-04-22,19,3.700000000000273,3296.132,True
AMZN,trade,3297.91,2586,neutral,2026-04-22 19:27:38,2026-04-22,19,-2.6200000000003456,3296.0879999999997,False
AMZN,price_update,3291.73,6503,neutral,2026-04-22 19:27:38,2026-04-22,19,-6.179999999999836,3296.614,True
AMZN,trade,3298.1,9343,bullish,2026-04-22 19:27:40,2026-04-22,19,6.369999999999891,3297.0199999999995,True
AMZN,trade,3295.48,1198,bullish,2026-04-22 19:28:03,2026-04-22,19,-2.619999999999891,3296.75,False
AMZN,price_update,3293.4,8296,bearish,2026-04-22 19:28:10,2026-04-22,19,-2.0799999999999272,3295.3239999999996,True
AMZN,trade,3298.1,5460,neutral,2026-04-22 19:28:22,2026-04-22,19,4.699999999999818,3295.3619999999996,True
AMZN,trade,3291.24,3754,neutral,2026-04-22 19:28:23,2026-04-22,19,-6.860000000000127,3295.264,False
AMZN,trade,3300.53,5249,neutral,2026-04-22 19:28:25,2026-04-22,19,9.290000000000418,3295.75,True
AMZN,price_update,3309.13,7694,neutral,2026-04-22 19:28:29,2026-04-22,19,8.599999999999909,3298.4800000000005,True
AMZN,trade,3299.02,9764,bearish,2026-04-22 19:28:47,2026-04-22,19,-10.110000000000127,3299.6040000000003,True
AMZN,trade,3292.4,125,neutral,2026-04-22 19:28:49,2026-04-22,19,-6.619999999999891,3298.464,False
AMZN,trade,3297.54,2910,bearish,2026-04-22 19:28:51,2026-04-22,19,5.139999999999873,3299.7239999999997,False
AMZN,trade,3299.04,7304,neutral,2026-04-22 19:29:04,2026-04-22,19,1.5,3299.4260000000004,True
AMZN,price_update,3282.99,5016,bullish,2026-04-22 19:29:04,2026-04-22,19,-16.050000000000182,3294.1980000000003,True
AMZN,price_update,3305.36,8489,bearish,2026-04-22 19:29:07,2026-04-22,19,22.370000000000346,3295.4660000000003,True
AMZN,price_update,3296.71,9757,bearish,2026-04-22 19:29:23,2026-04-22,19,-8.650000000000091,3296.328,True
AMZN,trade,3303.27,6945,bullish,2026-04-22 19:29:33,2026-04-22,19,6.559999999999945,3297.4739999999997,True
AMZN,price_update,3296.01,613,bullish,2026-04-22 19:29:37,2026-04-22,19,-7.2599999999997635,3296.868,False
AMZN,price_update,3298.26,1853,bullish,2026-04-22 19:29:39,2026-04-22,19,2.25,3299.922,False
AMZN,trade,3301.54,6743,bullish,2026-04-22 19:29:40,2026-04-22,19,3.2799999999997453,3299.1580000000004,True
AMZN,trade,3301.46,7980,neutral,2026-04-22 19:29:42,2026-04-22,19,-0.07999999999992724,3300.108,True
AMZN,trade,3296.6,6762,bullish,2026-04-22 19:30:08,2026-04-22,19,-4.860000000000127,3298.7740000000003,True
AMZN,trade,3297.78,9744,bearish,2026-04-22 19:30:15,2026-04-22,19,1.180000000000291,3299.1279999999997,True
AMZN,trade,3300.68,5367,bullish,2026-04-22 19:30:34,2026-04-22,19,2.899999999999636,3299.612,True
AMZN,price_update,3300.2,101,bearish,2026-04-22 19:30:38,2026-04-22,19,-0.4800000000000182,3299.344,False
AMZN,trade,3294.72,4606,bearish,2026-04-22 19:30:43,2026-04-22,19,-5.480000000000018,3297.996,False
AMZN,price_update,3296.18,6025,bullish,2026-04-22 19:30:48,2026-04-22,19,1.4600000000000364,3297.9119999999994,True
AMZN,price_update,3308.2,2497,bullish,2026-04-22 19:30:50,2026-04-22,19,12.019999999999982,3299.996,False
AMZN,trade,3308.47,7838,bearish,2026-04-22 19:30:58,2026-04-22,19,0.2699999999999818,3301.553999999999,True
AMZN,price_update,3296.23,356,bearish,2026-04-22 19:31:08,2026-04-22,19,-12.239999999999782,3300.7599999999998,False
AMZN,trade,3294.57,9621,bullish,2026-04-22 19:31:13,2026-04-22,19,-1.6599999999998545,3300.7300000000005,True
AMZN,price_update,3291.93,2396,bullish,2026-04-22 19:31:16,2026-04-22,19,-2.6400000000003274,3299.88,False
AMZN,trade,3294.52,9180,neutral,2026-04-22 19:31:16,2026-04-22,19,2.5900000000001455,3297.1439999999993,True
AMZN,trade,3295.94,8070,bullish,2026-04-22 19:31:27,2026-04-22,19,1.4200000000000728,3294.638,True
AMZN,price_update,3293.3,1135,bearish,2026-04-22 19:31:40,2026-04-22,19,-2.6399999999998727,3294.0520000000006,False
AMZN,trade,3289.08,5571,bullish,2026-04-22 19:31:57,2026-04-22,19,-4.220000000000255,3292.954,True
AMZN,trade,3285.9,6005,bullish,2026-04-22 19:32:00,2026-04-22,19,-3.1799999999998363,3291.7480000000005,True
AMZN,trade,3285.89,8439,neutral,2026-04-22 19:32:08,2026-04-22,19,-0.010000000000218279,3290.022,True
AMZN,price_update,3284.25,1821,bearish,2026-04-22 19:32:08,2026-04-22,19,-1.6399999999998727,3287.684,False
AMZN,trade,3285.18,763,bullish,2026-04-22 19:32:10,2026-04-22,19,0.9299999999998363,3286.06,False
AMZN,price_update,3308.08,3234,neutral,2026-04-22 19:32:16,2026-04-22,19,22.90000000000009,3289.8599999999997,False
AMZN,price_update,3292.78,1636,neutral,2026-04-22 19:32:22,2026-04-22,19,-15.299999999999727,3291.236,False
AMZN,trade,3295.3,7918,bearish,2026-04-22 19:32:34,2026-04-22,19,2.519999999999982,3293.118,True
AMZN,trade,3291.91,271,bearish,2026-04-22 19:32:47,2026-04-22,19,-3.3900000000003274,3294.65,False
AMZN,trade,3294.59,1933,bearish,2026-04-22 19:33:13,2026-04-22,19,2.680000000000291,3296.532,False
AMZN,price_update,3295.63,1369,bullish,2026-04-22 19:33:21,2026-04-22,19,1.0399999999999636,3294.042,False
AMZN,price_update,3296.67,5788,bullish,2026-04-22 19:33:24,2026-04-22,19,1.0399999999999636,3294.8199999999997,True
AMZN,price_update,3294.22,1681,bullish,2026-04-22 19:33:26,2026-04-22,19,-2.450000000000273,3294.6040000000003,False
AMZN,trade,3303.26,5405,bearish,2026-04-22 19:33:39,2026-04-22,19,9.040000000000418,3296.8740000000007,True
AMZN,trade,3295.98,172,bullish,2026-04-22 19:33:45,2026-04-22,19,-7.2800000000002,3297.1520000000005,False
AMZN,trade,3304.22,3521,bullish,2026-04-22 19:33:46,2026-04-22,19,8.239999999999782,3298.87,False
AMZN,price_update,3295.65,9620,bearish,2026-04-22 19:33:56,2026-04-22,19,-8.569999999999709,3298.666,True
AMZN,trade,3294.1,6058,bullish,2026-04-22 19:34:06,2026-04-22,19,-1.550000000000182,3298.642,True
AMZN,price_update,3290.97,2078,bullish,2026-04-22 19:34:08,2026-04-22,19,-3.130000000000109,3296.1839999999997,False
AMZN,trade,3297.18,5174,bullish,2026-04-22 19:34:09,2026-04-22,19,6.210000000000036,3296.424,True
AMZN,trade,3302.06,9928,bullish,2026-04-22 19:34:14,2026-04-22,19,4.880000000000109,3295.9919999999997,True
AMZN,trade,3295.36,4108,bullish,2026-04-22 19:34:15,2026-04-22,19,-6.699999999999818,3295.9339999999997,False
AMZN,price_update,3300.77,8735,bullish,2026-04-22 19:34:16,2026-04-22,19,5.4099999999998545,3297.268,True
AMZN,price_update,3296.73,9223,bearish,2026-04-22 19:34:22,2026-04-22,19,-4.039999999999964,3298.4199999999996,True
AMZN,trade,3305.04,2556,neutral,2026-04-22 19:34:57,2026-04-22,19,8.309999999999945,3299.9919999999997,False
AMZN,trade,3299.6,684,bullish,2026-04-22 19:35:05,2026-04-22,19,-5.440000000000055,3299.5,False
AMZN,price_update,3299.06,6483,bearish,2026-04-22 19:35:12,2026-04-22,19,-0.5399999999999636,3300.2400000000002,True
AMZN,price_update,3303.38,4934,neutral,2026-04-22 19:35:12,2026-04-22,19,4.320000000000164,3300.7619999999997,True
AMZN,trade,3293.59,3194,bearish,2026-04-22 19:35:23,2026-04-22,19,-9.789999999999964,3300.1339999999996,False
AMZN,trade,3293.49,5185,bullish,2026-04-22 19:35:25,2026-04-22,19,-0.1000000000003638,3297.8239999999996,True
AMZN,price_update,3298.69,8160,bearish,2026-04-22 19:36:14,2026-04-22,19,5.200000000000273,3297.642,True
AMZN,trade,3293.87,3624,bullish,2026-04-22 19:36:14,2026-04-22,19,-4.820000000000164,3296.6040000000003,False
AMZN,trade,3301.82,9147,bearish,2026-04-22 19:36:29,2026-04-22,19,7.950000000000273,3296.292,True
AMZN,price_update,3301.3,1625,bullish,2026-04-22 19:36:31,2026-04-22,19,-0.5199999999999818,3297.834,False
AMZN,trade,3295.32,4916,neutral,2026-04-22 19:36:57,2026-04-22,19,-5.980000000000018,3298.2,True
AMZN,trade,3298.68,3263,bullish,2026-04-22 19:37:04,2026-04-22,19,3.3599999999996726,3298.1980000000003,False
AMZN,trade,3292.97,1536,neutral,2026-04-22 19:37:37,2026-04-22,19,-5.710000000000036,3298.018,False
AMZN,trade,3305.4,4663,neutral,2026-04-22 19:37:46,2026-04-22,19,12.430000000000291,3298.7340000000004,False
AMZN,trade,3306.08,4168,bullish,2026-04-22 19:38:41,2026-04-22,19,0.6799999999998363,3299.69,False
AMZN,trade,3295.16,5355,bullish,2026-04-22 19:38:47,2026-04-22,19,-10.920000000000073,3299.6580000000004,True
AMZN,trade,3294.81,7398,bearish,2026-04-22 19:38:50,2026-04-22,19,-0.34999999999990905,3298.8839999999996,True
AMZN,trade,3294.49,4154,neutral,2026-04-22 19:38:59,2026-04-22,19,-0.3200000000001637,3299.1879999999996,False
AMZN,price_update,3298.29,4298,bearish,2026-04-22 19:39:02,2026-04-22,19,3.800000000000182,3297.7660000000005,False
AMZN,trade,3287.27,5985,neutral,2026-04-22 19:39:05,2026-04-22,19,-11.019999999999982,3294.004,True
AMZN,trade,3296.84,6968,bullish,2026-04-22 19:39:15,2026-04-22,19,9.570000000000164,3294.34,True
AMZN,price_update,3294.82,5584,neutral,2026-04-22 19:39:17,2026-04-22,19,-2.019999999999982,3294.3419999999996,True
AMZN,trade,3305.83,8389,bullish,2026-04-22 19:39:20,2026-04-22,19,11.009999999999764,3296.6100000000006,True
AMZN,trade,3296.33,8044,neutral,2026-04-22 19:39:33,2026-04-22,19,-9.5,3296.218,True
AMZN,price_update,3300.28,4883,neutral,2026-04-22 19:39:36,2026-04-22,19,3.950000000000273,3298.8199999999997,False
AMZN,price_update,3294.37,6214,neutral,2026-04-22 19:39:36,2026-04-22,19,-5.910000000000309,3298.326,True
AMZN,price_update,3296.73,172,neutral,2026-04-22 19:39:36,2026-04-22,19,2.3600000000001273,3298.708,False
AMZN,price_update,3296.42,3174,bearish,2026-04-22 19:39:38,2026-04-22,19,-0.30999999999994543,3296.826,False
AMZN,price_update,3309.71,238,bullish,2026-04-22 19:39:39,2026-04-22,19,13.289999999999964,3299.5020000000004,False
AMZN,price_update,3298.88,3129,neutral,2026-04-22 19:39:45,2026-04-22,19,-10.829999999999927,3299.222,False
AMZN,trade,3299.8,7548,neutral,2026-04-22 19:40:13,2026-04-22,19,0.9200000000000728,3300.308,True
AMZN,price_update,3281.98,3179,bullish,2026-04-22 19:40:16,2026-04-22,19,-17.820000000000164,3297.358,False
AMZN,trade,3297.87,5519,neutral,2026-04-22 19:40:25,2026-04-22,19,15.889999999999873,3297.6479999999997,True
AMZN,price_update,3303.49,9177,bearish,2026-04-22 19:40:37,2026-04-22,19,5.619999999999891,3296.404,True
AMZN,trade,3302.98,1087,bullish,2026-04-22 19:40:53,2026-04-22,19,-0.5099999999997635,3297.2239999999997,False
AMZN,price_update,3306.66,1000,bullish,2026-04-22 19:41:10,2026-04-22,19,3.6799999999998363,3298.596,False
AMZN,trade,3291.32,5851,neutral,2026-04-22 19:41:11,2026-04-22,19,-15.33999999999969,3300.464,True
AMZN,price_update,3307.32,3630,neutral,2026-04-22 19:41:34,2026-04-22,19,16.0,3302.3540000000003,False
AMZN,price_update,3295.56,9576,bullish,2026-04-22 19:41:37,2026-04-22,19,-11.760000000000218,3300.768,True
AMZN,price_update,3293.89,6621,bearish,2026-04-22 19:41:44,2026-04-22,19,-1.6700000000000728,3298.95,True
AMZN,trade,3296.0,4100,neutral,2026-04-22 19:42:03,2026-04-22,19,2.1100000000001273,3296.818,False
AMZN,trade,3293.21,3123,bullish,2026-04-22 19:42:03,2026-04-22,19,-2.7899999999999636,3297.196,False
AMZN,trade,3295.48,5320,neutral,2026-04-22 19:42:06,2026-04-22,19,2.269999999999982,3294.828,True
AMZN,trade,3301.25,1663,neutral,2026-04-22 19:42:15,2026-04-22,19,5.769999999999982,3295.9659999999994,False
AMZN,trade,3301.05,3882,neutral,2026-04-22 19:42:20,2026-04-22,19,-0.1999999999998181,3297.398,False
AMZN,price_update,3294.45,8727,bullish,2026-04-22 19:42:25,2026-04-22,19,-6.600000000000364,3297.0879999999997,True
AMZN,price_update,3294.61,6460,bullish,2026-04-22 19:42:26,2026-04-22,19,0.16000000000030923,3297.368,True
AMZN,trade,3297.77,5388,bullish,2026-04-22 19:43:12,2026-04-22,19,3.1599999999998545,3297.826,True
AMZN,trade,3295.74,9238,neutral,2026-04-22 19:43:25,2026-04-22,19,-2.0300000000002,3296.7239999999997,True
AMZN,price_update,3302.66,5524,bearish,2026-04-22 19:43:41,2026-04-22,19,6.920000000000073,3297.046,True
AMZN,price_update,3294.22,2046,neutral,2026-04-22 19:44:06,2026-04-22,19,-8.440000000000055,3297.0,False
AMZN,trade,3299.79,3757,bearish,2026-04-22 19:44:14,2026-04-22,19,5.570000000000164,3298.036,False
AMZN,trade,3307.44,9769,neutral,2026-04-22 19:44:22,2026-04-22,19,7.650000000000091,3299.97,True
AMZN,trade,3299.6,8102,neutral,2026-04-22 19:44:23,2026-04-22,19,-7.8400000000001455,3300.7419999999997,True
AMZN,trade,3290.66,421,neutral,2026-04-22 19:44:25,2026-04-22,19,-8.940000000000055,3298.3419999999996,False
AMZN,price_update,3296.56,6182,bullish,2026-04-22 19:44:26,2026-04-22,19,5.900000000000091,3298.81,True
AMZN,price_update,3293.67,7433,bullish,2026-04-22 19:44:27,2026-04-22,19,-2.8899999999998727,3297.5860000000002,True
AMZN,trade,3296.13,4023,bearish,2026-04-22 19:44:52,2026-04-22,19,2.4600000000000364,3295.3239999999996,False
AMZN,price_update,3299.33,3680,bullish,2026-04-22 19:45:02,2026-04-22,19,3.199999999999818,3295.2700000000004,False
AMZN,price_update,3303.16,7453,bullish,2026-04-22 19:45:11,2026-04-22,19,3.8299999999999272,3297.7700000000004,True
AMZN,price_update,3300.82,2769,bearish,2026-04-22 19:45:14,2026-04-22,19,-2.3399999999996908,3298.6220000000003,False
AMZN,price_update,3287.44,9914,neutral,2026-04-22 19:45:24,2026-04-22,19,-13.38000000000011,3297.376,True
AMZN,trade,3295.77,9907,neutral,2026-04-22 19:45:46,2026-04-22,19,8.329999999999927,3297.304,True
AMZN,trade,3302.8,7985,neutral,2026-04-22 19:45:53,2026-04-22,19,7.0300000000002,3297.9980000000005,True
AMZN,price_update,3303.52,5814,neutral,2026-04-22 19:45:58,2026-04-22,19,0.7199999999997999,3298.0700000000006,True
AMZN,price_update,3303.36,6947,bearish,2026-04-22 19:46:17,2026-04-22,19,-0.15999999999985448,3298.578,True
AMZN,price_update,3303.62,9427,neutral,2026-04-22 19:46:21,2026-04-22,19,0.25999999999976353,3301.814,True
AMZN,price_update,3297.91,4631,neutral,2026-04-22 19:46:44,2026-04-22,19,-5.710000000000036,3302.2419999999997,False
AMZN,price_update,3295.5,8556,bullish,2026-04-22 19:46:49,2026-04-22,19,-2.4099999999998545,3300.782,True
AMZN,price_update,3301.17,5351,bullish,2026-04-22 19:46:54,2026-04-22,19,5.670000000000073,3300.3120000000004,True
AMZN,price_update,3297.75,4636,neutral,2026-04-22 19:46:56,2026-04-22,19,-3.4200000000000728,3299.19,False
AMZN,trade,3302.16,1547,bullish,2026-04-22 19:47:21,2026-04-22,19,4.4099999999998545,3298.898,False
AMZN,price_update,3294.82,8818,bearish,2026-04-22 19:47:29,2026-04-22,19,-7.339999999999691,3298.28,True
AMZN,price_update,3309.28,5911,bullish,2026-04-22 19:47:30,2026-04-22,19,14.460000000000036,3301.036,True
AMZN,trade,3293.05,6125,bullish,2026-04-22 19:47:37,2026-04-22,19,-16.230000000000018,3299.4119999999994,True
AMZN,trade,3293.09,5879,bearish,2026-04-22 19:47:40,2026-04-22,19,0.03999999999996362,3298.4800000000005,True
AMZN,trade,3296.17,9684,neutral,2026-04-22 19:47:47,2026-04-22,19,3.0799999999999272,3297.282,True
AMZN,price_update,3304.31,9919,bearish,2026-04-22 19:47:52,2026-04-22,19,8.139999999999873,3299.1800000000003,True
AMZN,trade,3301.44,5373,neutral,2026-04-22 19:47:59,2026-04-22,19,-2.869999999999891,3297.612,True
AMZN,price_update,3295.99,8025,neutral,2026-04-22 19:48:01,2026-04-22,19,-5.450000000000273,3298.2,True
AMZN,price_update,3300.87,8593,bearish,2026-04-22 19:48:04,2026-04-22,19,4.880000000000109,3299.756,True
AMZN,price_update,3309.54,3552,neutral,2026-04-22 19:48:19,2026-04-22,19,8.670000000000073,3302.4300000000003,False
AMZN,price_update,3286.96,8941,bearish,2026-04-22 19:48:19,2026-04-22,19,-22.579999999999927,3298.96,True
AMZN,price_update,3294.02,5265,bearish,2026-04-22 19:48:29,2026-04-22,19,7.059999999999945,3297.476,True
AMZN,price_update,3294.51,6284,bullish,2026-04-22 19:48:30,2026-04-22,19,0.49000000000023647,3297.1800000000003,True
AMZN,price_update,3303.8,1389,bearish,2026-04-22 19:48:37,2026-04-22,19,9.289999999999964,3297.7660000000005,False
AMZN,price_update,3303.93,1174,neutral,2026-04-22 19:49:01,2026-04-22,19,0.1299999999996544,3296.6440000000002,False
AMZN,price_update,3296.86,149,neutral,2026-04-22 19:49:03,2026-04-22,19,-7.069999999999709,3298.6240000000007,False
AMZN,price_update,3286.15,8042,neutral,2026-04-22 19:49:07,2026-04-22,19,-10.710000000000036,3297.05,True
AMZN,trade,3299.79,4950,neutral,2026-04-22 19:49:21,2026-04-22,19,13.639999999999873,3298.1059999999998,True
AMZN,price_update,3296.37,8374,neutral,2026-04-22 19:49:32,2026-04-22,19,-3.4200000000000728,3296.62,True
AMZN,trade,3294.51,3725,bullish,2026-04-22 19:49:45,2026-04-22,19,-1.8599999999996726,3294.736,False
AMZN,price_update,3295.06,6310,bullish,2026-04-22 19:49:53,2026-04-22,19,0.5499999999997272,3294.376,True
AMZN,price_update,3304.38,8674,bullish,2026-04-22 19:50:01,2026-04-22,19,9.320000000000164,3298.022,True
AMZN,trade,3296.66,1237,bullish,2026-04-22 19:50:03,2026-04-22,19,-7.720000000000255,3297.3959999999997,False
AMZN,price_update,3292.59,1003,neutral,2026-04-22 19:50:05,2026-04-22,19,-4.069999999999709,3296.6400000000003,False
AMZN,trade,3300.34,8784,bearish,2026-04-22 19:50:21,2026-04-22,19,7.75,3297.8059999999996,True
AMZN,trade,3296.69,4905,bearish,2026-04-22 19:50:22,2026-04-22,19,-3.650000000000091,3298.132,False
AMZN,price_update,3297.03,9417,bullish,2026-04-22 19:50:27,2026-04-22,19,0.3400000000001455,3296.6620000000003,True
AMZN,trade,3293.32,5692,bullish,2026-04-22 19:50:30,2026-04-22,19,-3.7100000000000364,3295.994,True
AMZN,trade,3291.51,873,neutral,2026-04-22 19:50:34,2026-04-22,19,-1.8099999999999454,3295.778,False
AMZN,trade,3292.52,6347,bullish,2026-04-22 19:50:36,2026-04-22,19,1.0099999999997635,3294.214,True
AMZN,trade,3294.02,8747,bullish,2026-04-22 19:50:44,2026-04-22,19,1.5,3293.6800000000003,True
AMZN,price_update,3292.54,508,bearish,2026-04-22 19:50:49,2026-04-22,19,-1.4800000000000182,3292.782,False
AMZN,trade,3293.26,3909,bearish,2026-04-22 19:50:55,2026-04-22,19,0.7200000000002547,3292.7699999999995,False
AMZN,price_update,3292.69,151,bearish,2026-04-22 19:51:06,2026-04-22,19,-0.5700000000001637,3293.006,False
AMZN,price_update,3298.97,6383,neutral,2026-04-22 19:51:15,2026-04-22,19,6.279999999999745,3294.296,True
AMZN,trade,3294.74,7280,bearish,2026-04-22 19:51:17,2026-04-22,19,-4.230000000000018,3294.4399999999996,True
AMZN,price_update,3301.66,241,bearish,2026-04-22 19:51:27,2026-04-22,19,6.920000000000073,3296.264,False
AMZN,trade,3309.27,3214,neutral,2026-04-22 19:51:35,2026-04-22,19,7.610000000000127,3299.4659999999994,False
AMZN,trade,3284.19,9943,neutral,2026-04-22 19:51:35,2026-04-22,19,-25.079999999999927,3297.7659999999996,True
AMZN,trade,3294.52,6270,bullish,2026-04-22 19:51:49,2026-04-22,19,10.329999999999927,3296.876,True
AMZN,trade,3301.0,5510,neutral,2026-04-22 19:51:51,2026-04-22,19,6.480000000000018,3298.1279999999997,True
AMZN,trade,3296.74,6031,bullish,2026-04-22 19:52:18,2026-04-22,19,-4.260000000000218,3297.1440000000002,True
AMZN,trade,3284.39,709,bullish,2026-04-22 19:52:31,2026-04-22,19,-12.349999999999909,3292.168,False
AMZN,price_update,3294.61,6398,bearish,2026-04-22 19:52:38,2026-04-22,19,10.220000000000255,3294.2520000000004,True
AMZN,trade,3297.97,2355,bullish,2026-04-22 19:52:43,2026-04-22,19,3.3599999999996726,3294.942,False
AMZN,price_update,3299.82,5894,bearish,2026-04-22 19:52:46,2026-04-22,19,1.8500000000003638,3294.7059999999997,True
AMZN,trade,3296.59,8186,bullish,2026-04-22 19:53:04,2026-04-22,19,-3.230000000000018,3294.6760000000004,True
AMZN,trade,3299.88,9744,bearish,2026-04-22 19:53:05,2026-04-22,19,3.2899999999999636,3297.7740000000003,True
AMZN,trade,3300.09,8273,bearish,2026-04-22 19:53:09,2026-04-22,19,0.21000000000003638,3298.8700000000003,True
AMZN,price_update,3296.13,1073,bullish,2026-04-22 19:53:13,2026-04-22,19,-3.9600000000000364,3298.5019999999995,False
AMZN,trade,3298.14,275,bullish,2026-04-22 19:53:16,2026-04-22,19,2.0099999999997635,3298.166,False
AMZN,trade,3294.57,412,bearish,2026-04-22 19:53:32,2026-04-22,19,-3.569999999999709,3297.762,False
AMZN,price_update,3293.48,5145,bullish,2026-04-22 19:53:46,2026-04-22,19,-1.0900000000001455,3296.482,True
AMZN,price_update,3291.87,749,bearish,2026-04-22 19:53:53,2026-04-22,19,-1.6100000000001273,3294.8380000000006,False
AMZN,trade,3295.54,4195,bullish,2026-04-22 19:54:09,2026-04-22,19,3.6700000000000728,3294.72,False
AMZN,price_update,3284.76,2752,bearish,2026-04-22 19:54:10,2026-04-22,19,-10.779999999999745,3292.0440000000003,False
AMZN,price_update,3296.11,2075,bullish,2026-04-22 19:54:29,2026-04-22,19,11.349999999999909,3292.3520000000003,False
AMZN,trade,3296.27,8073,bearish,2026-04-22 19:54:40,2026-04-22,19,0.15999999999985448,3292.9100000000008,True
AMZN,trade,3306.61,2469,neutral,2026-04-22 19:54:58,2026-04-22,19,10.340000000000146,3295.858,False
AMZN,price_update,3297.15,3201,neutral,2026-04-22 19:55:02,2026-04-22,19,-9.460000000000036,3296.1800000000003,False
AMZN,trade,3296.25,5338,bearish,2026-04-22 19:55:10,2026-04-22,19,-0.900000000000091,3298.478,True
AMZN,trade,3293.12,3445,bullish,2026-04-22 19:55:10,2026-04-22,19,-3.130000000000109,3297.88,False
AMZN,trade,3297.49,7526,bearish,2026-04-22 19:55:19,2026-04-22,19,4.369999999999891,3298.124,True
AMZN,trade,3296.59,982,bullish,2026-04-22 19:55:36,2026-04-22,19,-0.8999999999996362,3296.12,False
AMZN,price_update,3298.06,7407,bearish,2026-04-22 19:55:40,2026-04-22,19,1.4699999999998,3296.3019999999997,True
AMZN,trade,3300.7,5621,bearish,2026-04-22 19:55:54,2026-04-22,19,2.6399999999998727,3297.192,True
AMZN,trade,3308.34,9304,bearish,2026-04-22 19:55:55,2026-04-22,19,7.640000000000327,3300.236,True
AMZN,trade,3296.45,3712,neutral,2026-04-22 19:56:09,2026-04-22,19,-11.890000000000327,3300.028,False
AMZN,trade,3294.04,7842,neutral,2026-04-22 19:56:10,2026-04-22,19,-2.4099999999998545,3299.518,True
AMZN,price_update,3303.24,6857,neutral,2026-04-22 19:57:07,2026-04-22,19,9.199999999999818,3300.554,True
AMZN,trade,3288.55,9015,neutral,2026-04-22 19:57:13,2026-04-22,19,-14.6899999999996,3298.124,True
AMZN,trade,3299.24,3582,bullish,2026-04-22 19:57:27,2026-04-22,19,10.6899999999996,3296.304,False
AMZN,trade,3295.24,5566,bullish,2026-04-22 19:57:35,2026-04-22,19,-4.0,3296.0619999999994,True
AMZN,price_update,3292.39,1642,neutral,2026-04-22 19:57:42,2026-04-22,19,-2.849999999999909,3295.732,False
AMZN,price_update,3296.23,6159,bearish,2026-04-22 19:58:12,2026-04-22,19,3.8400000000001455,3294.3300000000004,True
AMZN,trade,3300.05,2862,neutral,2026-04-22 19:58:15,2026-04-22,19,3.8200000000001637,3296.6299999999997,False
AMZN,price_update,3299.91,7370,bearish,2026-04-22 19:58:39,2026-04-22,19,-0.14000000000032742,3296.764,True
AMZN,trade,3295.7,2308,bullish,2026-04-22 19:58:46,2026-04-22,19,-4.210000000000036,3296.8559999999998,False
AMZN,price_update,3300.13,6707,neutral,2026-04-22 19:58:52,2026-04-22,19,4.430000000000291,3298.404,True
AMZN,price_update,3296.98,5845,neutral,2026-04-22 19:58:56,2026-04-22,19,-3.150000000000091,3298.554,True
AMZN,trade,3297.92,1595,bearish,2026-04-22 19:59:08,2026-04-22,19,0.9400000000000546,3298.1279999999997,False
AMZN,price_update,3296.56,7749,bullish,2026-04-22 19:59:31,2026-04-22,19,-1.3600000000001273,3297.458,True
AMZN,trade,3295.92,9991,bullish,2026-04-22 19:59:55,2026-04-22,19,-0.6399999999998727,3297.5020000000004,True
AMZN,trade,3302.32,3624,bullish,2026-04-22 20:00:08,2026-04-22,20,6.400000000000091,3297.94,False
AMZN,trade,3292.64,2443,bearish,2026-04-22 20:00:09,2026-04-22,20,-9.680000000000291,3297.072,False
AMZN,trade,3289.29,5839,bullish,2026-04-22 20:00:13,2026-04-22,20,-3.349999999999909,3295.346,True
AMZN,price_update,3301.9,6798,bullish,2026-04-22 20:00:20,2026-04-22,20,12.610000000000127,3296.4139999999998,True
AMZN,price_update,3298.43,1482,neutral,2026-04-22 20:00:21,2026-04-22,20,-3.4700000000002547,3296.916,False
AMZN,trade,3296.02,4875,bearish,2026-04-22 20:00:25,2026-04-22,20,-2.4099999999998545,3295.656,False
AMZN,trade,3299.45,5977,neutral,2026-04-22 20:00:27,2026-04-22,20,3.4299999999998363,3297.018,True
AMZN,price_update,3297.41,251,neutral,2026-04-22 20:00:31,2026-04-22,20,-2.0399999999999636,3298.642,False
AMZN,price_update,3298.54,313,bullish,2026-04-22 20:00:33,2026-04-22,20,1.1300000000001091,3297.97,False
AMZN,trade,3293.1,8774,bullish,2026-04-22 20:00:34,2026-04-22,20,-5.440000000000055,3296.904,True
AMZN,trade,3304.71,1012,neutral,2026-04-22 20:00:44,2026-04-22,20,11.610000000000127,3298.642,False
AMZN,trade,3292.68,9041,bearish,2026-04-22 20:00:56,2026-04-22,20,-12.0300000000002,3297.2879999999996,True
AMZN,price_update,3294.24,7499,neutral,2026-04-22 20:01:14,2026-04-22,20,1.5599999999999454,3296.6539999999995,True
AMZN,price_update,3297.98,815,bullish,2026-04-22 20:01:17,2026-04-22,20,3.7400000000002365,3296.542,False
AMZN,trade,3299.46,1981,neutral,2026-04-22 20:01:31,2026-04-22,20,1.4800000000000182,3297.814,False
AMZN,trade,3298.01,7653,neutral,2026-04-22 20:01:37,2026-04-22,20,-1.449999999999818,3296.4739999999997,True
AMZN,price_update,3298.26,9955,neutral,2026-04-22 20:01:55,2026-04-22,20,0.25,3297.59,True
AMZN,trade,3298.81,1348,neutral,2026-04-22 20:01:56,2026-04-22,20,0.5499999999997272,3298.504,False
AMZN,price_update,3283.11,2835,neutral,2026-04-22 20:02:00,2026-04-22,20,-15.699999999999818,3295.53,False
AMZN,trade,3291.98,6458,neutral,2026-04-22 20:02:06,2026-04-22,20,8.86999999999989,3294.0339999999997,True
AMZN,trade,3292.99,591,bullish,2026-04-22 20:02:15,2026-04-22,20,1.0099999999997635,3293.03,False
AMZN,trade,3294.73,1394,bearish,2026-04-22 20:02:30,2026-04-22,20,1.7400000000002365,3292.3239999999996,False
AMZN,price_update,3297.44,3438,bullish,2026-04-22 20:02:43,2026-04-22,20,2.7100000000000364,3292.05,False
AMZN,trade,3285.72,3762,neutral,2026-04-22 20:02:56,2026-04-22,20,-11.720000000000255,3292.572,False
AMZN,trade,3292.15,2212,bullish,2026-04-22 20:02:57,2026-04-22,20,6.430000000000291,3292.6059999999998,False
AMZN,price_update,3298.79,5047,bearish,2026-04-22 20:02:57,2026-04-22,20,6.639999999999873,3293.7660000000005,True
AMZN,trade,3290.48,5239,bullish,2026-04-22 20:03:00,2026-04-22,20,-8.309999999999945,3292.916,True
AMZN,trade,3302.86,8340,neutral,2026-04-22 20:03:22,2026-04-22,20,12.38000000000011,3294.0,True
AMZN,trade,3297.95,6343,bearish,2026-04-22 20:03:39,2026-04-22,20,-4.910000000000309,3296.446,True
AMZN,price_update,3295.04,4691,neutral,2026-04-22 20:03:48,2026-04-22,20,-2.9099999999998545,3297.024,False
AMZN,trade,3296.25,1306,bullish,2026-04-22 20:04:30,2026-04-22,20,1.2100000000000364,3296.5160000000005,False
AMZN,trade,3296.73,8058,bearish,2026-04-22 20:05:28,2026-04-22,20,0.4800000000000182,3297.7660000000005,True
AMZN,trade,3303.58,2066,bearish,2026-04-22 20:05:37,2026-04-22,20,6.849999999999909,3297.91,False
AMZN,trade,3301.47,180,neutral,2026-04-22 20:05:42,2026-04-22,20,-2.1100000000001273,3298.614,False
AMZN,price_update,3303.25,5904,bearish,2026-04-22 20:05:57,2026-04-22,20,1.7800000000002,3300.256,True
AMZN,trade,3293.7,6783,bearish,2026-04-22 20:06:12,2026-04-22,20,-9.550000000000182,3299.746,True
AMZN,price_update,3296.61,8267,bearish,2026-04-22 20:06:13,2026-04-22,20,2.9100000000003092,3299.722,True
AMZN,price_update,3306.7,6243,bearish,2026-04-22 20:06:30,2026-04-22,20,10.08999999999969,3300.346,True
AMZN,trade,3299.06,5318,bullish,2026-04-22 20:06:33,2026-04-22,20,-7.639999999999873,3299.864,True
AMZN,trade,3288.03,9344,bearish,2026-04-22 20:06:35,2026-04-22,20,-11.029999999999745,3296.8199999999997,True
AMZN,price_update,3297.49,444,bullish,2026-04-22 20:06:38,2026-04-22,20,9.459999999999582,3297.578,False
AMZN,price_update,3304.66,7588,neutral,2026-04-22 20:06:51,2026-04-22,20,7.170000000000073,3299.1879999999996,True
AMZN,trade,3293.81,8169,neutral,2026-04-22 20:06:53,2026-04-22,20,-10.849999999999909,3296.6099999999997,True
AMZN,price_update,3296.67,1620,neutral,2026-04-22 20:06:57,2026-04-22,20,2.8600000000001273,3296.132,False
AMZN,price_update,3296.0,9845,bullish,2026-04-22 20:07:06,2026-04-22,20,-0.6700000000000728,3297.726,True
AMZN,price_update,3291.9,3983,bearish,2026-04-22 20:07:08,2026-04-22,20,-4.099999999999909,3296.608,False
AMZN,trade,3297.99,9192,bearish,2026-04-22 20:07:10,2026-04-22,20,6.089999999999691,3295.274,True
AMZN,price_update,3295.47,7687,neutral,2026-04-22 20:07:19,2026-04-22,20,-2.519999999999982,3295.6059999999998,True
AMZN,trade,3301.85,3907,neutral,2026-04-22 20:07:22,2026-04-22,20,6.380000000000109,3296.642,False
AMZN,trade,3291.84,9785,neutral,2026-04-22 20:07:30,2026-04-22,20,-10.009999999999764,3295.81,True
AMZN,price_update,3302.61,2397,bearish,2026-04-22 20:07:48,2026-04-22,20,10.769999999999982,3297.9519999999998,False
AMZN,price_update,3304.69,2391,bullish,2026-04-22 20:07:49,2026-04-22,20,2.0799999999999272,3299.292,False
AMZN,price_update,3301.25,2220,neutral,2026-04-22 20:07:50,2026-04-22,20,-3.4400000000000546,3300.4480000000003,False
AMZN,trade,3290.75,4287,bearish,2026-04-22 20:07:54,2026-04-22,20,-10.5,3298.228,False
AMZN,price_update,3293.19,5391,bearish,2026-04-22 20:08:05,2026-04-22,20,2.4400000000000546,3298.4979999999996,True
AMZN,trade,3293.31,4966,neutral,2026-04-22 20:08:16,2026-04-22,20,0.11999999999989086,3296.638,True
AMZN,price_update,3291.8,3253,neutral,2026-04-22 20:08:18,2026-04-22,20,-1.5099999999997635,3294.06,False
AMZN,price_update,3296.06,697,bullish,2026-04-22 20:08:21,2026-04-22,20,4.2599999999997635,3293.022,False
AMZN,price_update,3299.41,944,bearish,2026-04-22 20:08:34,2026-04-22,20,3.349999999999909,3294.754,False
AMZN,price_update,3303.6,3006,neutral,2026-04-22 20:08:36,2026-04-22,20,4.190000000000055,3296.8360000000002,False
AMZN,price_update,3299.68,2342,bullish,2026-04-22 20:08:46,2026-04-22,20,-3.9200000000000728,3298.1099999999997,False
AMZN,price_update,3297.59,9060,neutral,2026-04-22 20:08:58,2026-04-22,20,-2.0899999999996908,3299.268,True
AMZN,trade,3301.39,4468,bullish,2026-04-22 20:09:24,2026-04-22,20,3.799999999999727,3300.334,False
AMZN,trade,3307.98,5989,bearish,2026-04-22 20:09:30,2026-04-22,20,6.5900000000001455,3302.048,True
AMZN,price_update,3294.85,3338,neutral,2026-04-22 20:09:39,2026-04-22,20,-13.13000000000011,3300.298,False
AMZN,trade,3295.09,3370,bearish,2026-04-22 20:09:54,2026-04-22,20,0.24000000000023647,3299.3799999999997,False
AMZN,price_update,3299.49,1759,bullish,2026-04-22 20:10:17,2026-04-22,20,4.399999999999636,3299.7599999999998,False
AMZN,trade,3293.93,784,bullish,2026-04-22 20:10:35,2026-04-22,20,-5.559999999999945,3298.268,False
AMZN,trade,3296.75,3205,bullish,2026-04-22 20:10:39,2026-04-22,20,2.8200000000001637,3296.022,False
AMZN,trade,3297.76,736,neutral,2026-04-22 20:10:40,2026-04-22,20,1.0100000000002183,3296.6040000000003,False
AMZN,trade,3296.28,2297,bearish,2026-04-22 20:10:50,2026-04-22,20,-1.4800000000000182,3296.8419999999996,False
AMZN,price_update,3297.98,2904,bullish,2026-04-22 20:10:59,2026-04-22,20,1.699999999999818,3296.54,False
AMZN,price_update,3294.6,4582,bullish,2026-04-22 20:11:11,2026-04-22,20,-3.380000000000109,3296.674,False
AMZN,trade,3284.98,9193,neutral,2026-04-22 20:11:18,2026-04-22,20,-9.61999999999989,3294.3199999999997,True
AMZN,trade,3288.61,2255,neutral,2026-04-22 20:11:19,2026-04-22,20,3.630000000000109,3292.4900000000002,False
AMZN,price_update,3300.4,2478,bearish,2026-04-22 20:11:28,2026-04-22,20,11.789999999999964,3293.314,False
AMZN,price_update,3307.75,4195,bullish,2026-04-22 20:11:33,2026-04-22,20,7.349999999999909,3295.268,False
AMZN,price_update,3299.46,210,neutral,2026-04-22 20:11:38,2026-04-22,20,-8.289999999999964,3296.2400000000002,False
AMZN,trade,3295.15,9923,bearish,2026-04-22 20:11:45,2026-04-22,20,-4.309999999999945,3298.2740000000003,True
AMZN,price_update,3294.27,3095,neutral,2026-04-22 20:11:47,2026-04-22,20,-0.8800000000001091,3299.406,False
AMZN,price_update,3308.26,8029,bullish,2026-04-22 20:11:57,2026-04-22,20,13.990000000000236,3300.978,True
AMZN,price_update,3300.88,8653,bearish,2026-04-22 20:12:07,2026-04-22,20,-7.380000000000109,3299.6040000000003,True
AMZN,trade,3308.26,4513,bullish,2026-04-22 20:12:16,2026-04-22,20,7.380000000000109,3301.364,False
AMZN,trade,3294.38,8813,bearish,2026-04-22 20:12:36,2026-04-22,20,-13.88000000000011,3301.2100000000005,True
AMZN,trade,3299.64,9929,bullish,2026-04-22 20:12:38,2026-04-22,20,5.2599999999997635,3302.2840000000006,True
AMZN,price_update,3299.74,1032,bearish,2026-04-22 20:12:46,2026-04-22,20,0.09999999999990905,3300.5800000000004,False
AMZN,price_update,3294.55,7545,bearish,2026-04-22 20:12:52,2026-04-22,20,-5.1899999999996,3299.314,True
AMZN,trade,3294.94,8208,bearish,2026-04-22 20:13:09,2026-04-22,20,0.38999999999987267,3296.65,True
AMZN,price_update,3297.05,4432,bullish,2026-04-22 20:13:32,2026-04-22,20,2.1100000000001273,3297.1839999999997,False
AMZN,trade,3298.0,9291,neutral,2026-04-22 20:13:41,2026-04-22,20,0.9499999999998181,3296.8559999999998,True
AMZN,price_update,3292.79,8416,bearish,2026-04-22 20:13:46,2026-04-22,20,-5.210000000000036,3295.4660000000003,True
AMZN,price_update,3296.52,4801,neutral,2026-04-22 20:14:09,2026-04-22,20,3.730000000000018,3295.8599999999997,False
AMZN,price_update,3293.8,2239,bullish,2026-04-22 20:14:29,2026-04-22,20,-2.7199999999998,3295.632,False
GOOG,price_update,2714.17,7420,bearish,2026-04-22 19:14:39,2026-04-22,19,,,True
GOOG,trade,2732.3,8003,bearish,2026-04-22 19:14:48,2026-04-22,19,18.13000000000011,,True
GOOG,trade,2720.52,6307,neutral,2026-04-22 19:15:16,2026-04-22,19,-11.7800000000002,,True
GOOG,price_update,2742.28,2510,neutral,2026-04-22 19:15:24,2026-04-22,19,21.76000000000022,,False
GOOG,trade,2736.78,7513,bullish,2026-04-22 19:15:27,2026-04-22,19,-5.5,2729.21,True
GOOG,trade,2721.19,458,neutral,2026-04-22 19:15:38,2026-04-22,19,-15.590000000000146,2730.614,False
GOOG,price_update,2731.64,7387,bullish,2026-04-22 19:15:57,2026-04-22,19,10.449999999999818,2730.4820000000004,True
GOOG,price_update,2719.8,4351,bearish,2026-04-22 19:16:00,2026-04-22,19,-11.83999999999969,2730.338,False
GOOG,price_update,2712.11,7972,bearish,2026-04-22 19:16:19,2026-04-22,19,-7.690000000000055,2724.304,True
GOOG,trade,2737.27,3479,neutral,2026-04-22 19:16:24,2026-04-22,19,25.159999999999854,2724.402,False
GOOG,trade,2718.5,3535,bullish,2026-04-22 19:16:28,2026-04-22,19,-18.769999999999982,2723.864,False
GOOG,trade,2738.76,402,bearish,2026-04-22 19:16:28,2026-04-22,19,20.26000000000022,2725.288,False
GOOG,trade,2737.06,2192,bearish,2026-04-22 19:16:36,2026-04-22,19,-1.7000000000002728,2728.7400000000002,False
GOOG,price_update,2734.84,1895,bearish,2026-04-22 19:16:39,2026-04-22,19,-2.2199999999998,2733.286,False
GOOG,price_update,2714.69,8145,bullish,2026-04-22 19:16:54,2026-04-22,19,-20.15000000000009,2728.77,True
GOOG,price_update,2738.64,320,neutral,2026-04-22 19:16:54,2026-04-22,19,23.949999999999818,2732.798,False
GOOG,price_update,2725.51,4683,bearish,2026-04-22 19:17:06,2026-04-22,19,-13.129999999999654,2730.148,False
GOOG,price_update,2729.71,6536,bearish,2026-04-22 19:17:07,2026-04-22,19,4.199999999999818,2728.678,True
GOOG,trade,2723.58,9406,bearish,2026-04-22 19:17:14,2026-04-22,19,-6.130000000000109,2726.4260000000004,True
GOOG,price_update,2740.8,1101,bullish,2026-04-22 19:17:31,2026-04-22,19,17.220000000000255,2731.648,False
GOOG,price_update,2715.2,4276,bullish,2026-04-22 19:17:46,2026-04-22,19,-25.600000000000364,2726.96,False
GOOG,trade,2736.85,8385,neutral,2026-04-22 19:17:46,2026-04-22,19,21.65000000000009,2729.228,True
GOOG,price_update,2723.34,2150,neutral,2026-04-22 19:17:48,2026-04-22,19,-13.509999999999764,2727.954,False
GOOG,price_update,2724.52,3477,bullish,2026-04-22 19:18:19,2026-04-22,19,1.1799999999998363,2728.142,False
GOOG,price_update,2720.03,3691,bearish,2026-04-22 19:18:22,2026-04-22,19,-4.489999999999782,2723.9880000000003,False
GOOG,price_update,2733.6,1111,bearish,2026-04-22 19:18:41,2026-04-22,19,13.569999999999709,2727.668,False
GOOG,price_update,2727.93,6058,bearish,2026-04-22 19:18:44,2026-04-22,19,-5.670000000000073,2725.884,True
GOOG,trade,2722.22,298,bullish,2026-04-22 19:18:45,2026-04-22,19,-5.710000000000036,2725.66,False
GOOG,price_update,2724.17,7041,bearish,2026-04-22 19:18:54,2026-04-22,19,1.9500000000002728,2725.59,True
GOOG,trade,2727.73,6790,neutral,2026-04-22 19:18:54,2026-04-22,19,3.5599999999999454,2727.13,True
GOOG,trade,2719.0,1886,bearish,2026-04-22 19:19:08,2026-04-22,19,-8.730000000000018,2724.21,False
GOOG,price_update,2723.81,2338,bearish,2026-04-22 19:19:19,2026-04-22,19,4.809999999999945,2723.386,False
GOOG,trade,2722.16,6698,bullish,2026-04-22 19:19:23,2026-04-22,19,-1.650000000000091,2723.374,True
GOOG,price_update,2730.15,7891,bearish,2026-04-22 19:19:23,2026-04-22,19,7.9900000000002365,2724.57,True
GOOG,trade,2732.22,2051,bullish,2026-04-22 19:19:32,2026-04-22,19,2.069999999999709,2725.468,False
GOOG,trade,2731.35,1915,neutral,2026-04-22 19:19:42,2026-04-22,19,-0.8699999999998909,2727.9379999999996,False
GOOG,price_update,2737.68,2110,bearish,2026-04-22 19:20:01,2026-04-22,19,6.329999999999927,2730.712,False
GOOG,trade,2739.82,6744,bearish,2026-04-22 19:20:16,2026-04-22,19,2.1400000000003274,2734.2439999999997,True
GOOG,price_update,2716.06,103,neutral,2026-04-22 19:20:34,2026-04-22,19,-23.76000000000022,2731.4260000000004,False
GOOG,trade,2719.9,8759,bullish,2026-04-22 19:20:34,2026-04-22,19,3.8400000000001455,2728.962,True
GOOG,price_update,2729.34,4941,neutral,2026-04-22 19:20:36,2026-04-22,19,9.440000000000055,2728.5600000000004,True
GOOG,trade,2718.71,5289,bullish,2026-04-22 19:20:40,2026-04-22,19,-10.63000000000011,2724.766,True
GOOG,trade,2715.47,8021,neutral,2026-04-22 19:20:41,2026-04-22,19,-3.2400000000002365,2719.8959999999997,True
GOOG,price_update,2729.06,9016,bearish,2026-04-22 19:20:54,2026-04-22,19,13.590000000000146,2722.496,True
GOOG,trade,2731.89,5749,bullish,2026-04-22 19:21:05,2026-04-22,19,2.8299999999999272,2724.894,True
GOOG,price_update,2710.21,2308,bullish,2026-04-22 19:21:09,2026-04-22,19,-21.679999999999836,2721.068,False
GOOG,trade,2719.68,2438,bearish,2026-04-22 19:21:09,2026-04-22,19,9.4699999999998,2721.2619999999997,False
GOOG,trade,2724.77,8561,neutral,2026-04-22 19:21:13,2026-04-22,19,5.0900000000001455,2723.1220000000003,True
GOOG,trade,2740.85,6189,bullish,2026-04-22 19:21:16,2026-04-22,19,16.079999999999927,2725.48,True
GOOG,trade,2701.17,2773,bullish,2026-04-22 19:21:18,2026-04-22,19,-39.679999999999836,2719.3360000000002,False
GOOG,price_update,2720.68,2995,bullish,2026-04-22 19:21:18,2026-04-22,19,19.509999999999764,2721.4300000000003,False
GOOG,trade,2740.79,5233,neutral,2026-04-22 19:21:19,2026-04-22,19,20.110000000000127,2725.652,True
GOOG,trade,2738.46,3556,bearish,2026-04-22 19:21:26,2026-04-22,19,-2.3299999999999272,2728.3900000000003,False
GOOG,price_update,2734.98,3703,bullish,2026-04-22 19:21:33,2026-04-22,19,-3.480000000000018,2727.216,False
GOOG,trade,2739.8,8777,neutral,2026-04-22 19:21:58,2026-04-22,19,4.820000000000164,2734.942,True
GOOG,price_update,2736.84,2109,neutral,2026-04-22 19:22:01,2026-04-22,19,-2.9600000000000364,2738.174,False
GOOG,trade,2741.95,7699,bullish,2026-04-22 19:22:01,2026-04-22,19,5.109999999999673,2738.406,True
GOOG,trade,2712.91,884,neutral,2026-04-22 19:22:08,2026-04-22,19,-29.039999999999964,2733.296,False
GOOG,price_update,2716.6,9580,bullish,2026-04-22 19:22:15,2026-04-22,19,3.6900000000000546,2729.62,True
GOOG,price_update,2737.47,6016,bullish,2026-04-22 19:22:22,2026-04-22,19,20.86999999999989,2729.154,True
GOOG,price_update,2722.51,2528,bearish,2026-04-22 19:22:32,2026-04-22,19,-14.959999999999582,2726.288,False
GOOG,price_update,2732.31,3927,neutral,2026-04-22 19:22:55,2026-04-22,19,9.799999999999727,2724.3599999999997,False
GOOG,price_update,2719.99,3103,bearish,2026-04-22 19:22:57,2026-04-22,19,-12.320000000000164,2725.776,False
GOOG,price_update,2717.17,5238,bullish,2026-04-22 19:23:00,2026-04-22,19,-2.819999999999709,2725.89,True
GOOG,trade,2733.82,7580,bearish,2026-04-22 19:23:12,2026-04-22,19,16.65000000000009,2725.16,True
GOOG,price_update,2718.98,2131,bearish,2026-04-22 19:23:18,2026-04-22,19,-14.840000000000146,2724.454,False
GOOG,trade,2729.99,2413,bearish,2026-04-22 19:23:34,2026-04-22,19,11.009999999999764,2723.9900000000002,False
GOOG,trade,2732.42,1817,bullish,2026-04-22 19:23:49,2026-04-22,19,2.430000000000291,2726.476,False
GOOG,price_update,2733.13,1953,neutral,2026-04-22 19:24:03,2026-04-22,19,0.7100000000000364,2729.668,False
GOOG,price_update,2722.25,1143,bearish,2026-04-22 19:24:29,2026-04-22,19,-10.88000000000011,2727.3540000000003,False
GOOG,trade,2722.24,4949,neutral,2026-04-22 19:24:31,2026-04-22,19,-0.010000000000218279,2728.0060000000003,True
GOOG,trade,2720.42,4162,bullish,2026-04-22 19:24:39,2026-04-22,19,-1.819999999999709,2726.092,False
GOOG,trade,2737.69,2084,bearish,2026-04-22 19:24:56,2026-04-22,19,17.269999999999982,2727.146,False
GOOG,price_update,2718.84,1919,bullish,2026-04-22 19:25:11,2026-04-22,19,-18.84999999999991,2724.288,False
GOOG,price_update,2712.75,3001,bullish,2026-04-22 19:25:29,2026-04-22,19,-6.0900000000001455,2722.388,False
GOOG,price_update,2722.51,984,bullish,2026-04-22 19:25:32,2026-04-22,19,9.760000000000218,2722.442,False
GOOG,trade,2717.82,4511,bearish,2026-04-22 19:25:46,2026-04-22,19,-4.690000000000055,2721.922,False
GOOG,price_update,2724.65,1937,bearish,2026-04-22 19:25:54,2026-04-22,19,6.829999999999927,2719.314,False
GOOG,price_update,2722.21,8883,bearish,2026-04-22 19:25:55,2026-04-22,19,-2.4400000000000546,2719.9880000000003,True
GOOG,price_update,2719.29,9934,neutral,2026-04-22 19:26:17,2026-04-22,19,-2.9200000000000728,2721.296,True
GOOG,price_update,2730.33,3045,bearish,2026-04-22 19:27:04,2026-04-22,19,11.039999999999964,2722.8599999999997,False
GOOG,price_update,2731.46,296,bearish,2026-04-22 19:27:19,2026-04-22,19,1.1300000000001091,2725.588,False
GOOG,trade,2732.24,9099,bearish,2026-04-22 19:27:32,2026-04-22,19,0.7799999999997453,2727.106,True
GOOG,price_update,2722.54,9775,neutral,2026-04-22 19:28:24,2026-04-22,19,-9.699999999999818,2727.1719999999996,True
GOOG,trade,2723.74,2594,bearish,2026-04-22 19:28:33,2026-04-22,19,1.199999999999818,2728.062,False
GOOG,trade,2715.7,7395,bearish,2026-04-22 19:28:39,2026-04-22,19,-8.039999999999964,2725.136,True
GOOG,trade,2719.21,7232,neutral,2026-04-22 19:29:00,2026-04-22,19,3.5100000000002183,2722.6859999999997,True
GOOG,price_update,2733.31,3829,bearish,2026-04-22 19:29:06,2026-04-22,19,14.099999999999909,2722.9,False
GOOG,price_update,2723.62,4551,bullish,2026-04-22 19:29:15,2026-04-22,19,-9.690000000000055,2723.116,False
GOOG,price_update,2733.82,8244,neutral,2026-04-22 19:29:25,2026-04-22,19,10.200000000000273,2725.132,True
GOOG,price_update,2737.73,6421,bullish,2026-04-22 19:29:33,2026-04-22,19,3.9099999999998545,2729.5379999999996,True
GOOG,price_update,2735.26,7938,bearish,2026-04-22 19:29:41,2026-04-22,19,-2.4699999999998,2732.7480000000005,True
GOOG,trade,2733.15,9008,bearish,2026-04-22 19:29:43,2026-04-22,19,-2.1100000000001273,2732.716,True
GOOG,price_update,2737.39,9517,neutral,2026-04-22 19:29:50,2026-04-22,19,4.239999999999782,2735.4700000000003,True
GOOG,price_update,2712.67,7321,neutral,2026-04-22 19:29:55,2026-04-22,19,-24.7199999999998,2731.2400000000002,True
GOOG,trade,2735.67,9891,bullish,2026-04-22 19:29:58,2026-04-22,19,23.0,2730.8280000000004,True
GOOG,trade,2717.84,7094,bullish,2026-04-22 19:30:07,2026-04-22,19,-17.829999999999927,2727.344,True
GOOG,trade,2731.79,5022,bullish,2026-04-22 19:30:12,2026-04-22,19,13.949999999999818,2727.072,True
GOOG,price_update,2717.48,5038,neutral,2026-04-22 19:30:13,2026-04-22,19,-14.309999999999945,2723.09,True
GOOG,trade,2722.5,5550,neutral,2026-04-22 19:30:22,2026-04-22,19,5.019999999999982,2725.056,True
GOOG,trade,2719.19,273,bearish,2026-04-22 19:30:26,2026-04-22,19,-3.3099999999999454,2721.7599999999998,False
GOOG,trade,2738.51,7286,neutral,2026-04-22 19:30:34,2026-04-22,19,19.320000000000164,2725.8940000000002,True
GOOG,trade,2734.57,3737,bearish,2026-04-22 19:30:34,2026-04-22,19,-3.9400000000000546,2726.45,False
GOOG,price_update,2721.63,4890,neutral,2026-04-22 19:31:05,2026-04-22,19,-12.940000000000055,2727.2799999999997,False
GOOG,price_update,2735.4,7058,bearish,2026-04-22 19:31:07,2026-04-22,19,13.769999999999982,2729.8599999999997,True
GOOG,price_update,2698.93,1420,bullish,2026-04-22 19:31:14,2026-04-22,19,-36.470000000000255,2725.808,False
GOOG,trade,2734.51,8281,neutral,2026-04-22 19:31:24,2026-04-22,19,35.58000000000038,2725.008,True
GOOG,price_update,2736.25,4263,neutral,2026-04-22 19:31:34,2026-04-22,19,1.7399999999997817,2725.344,False
GOOG,trade,2725.41,1964,bearish,2026-04-22 19:31:38,2026-04-22,19,-10.840000000000146,2726.1,False
GOOG,trade,2731.91,7082,bullish,2026-04-22 19:31:44,2026-04-22,19,6.5,2725.4019999999996,True
GOOG,price_update,2740.5,1559,neutral,2026-04-22 19:31:55,2026-04-22,19,8.590000000000146,2733.716,False
GOOG,price_update,2718.15,9620,bullish,2026-04-22 19:31:56,2026-04-22,19,-22.34999999999991,2730.4440000000004,True
GOOG,price_update,2731.25,2668,bullish,2026-04-22 19:32:00,2026-04-22,19,13.099999999999909,2729.4440000000004,False
GOOG,price_update,2700.85,7583,bearish,2026-04-22 19:32:17,2026-04-22,19,-30.40000000000009,2724.532,True
GOOG,price_update,2720.59,7552,bearish,2026-04-22 19:32:39,2026-04-22,19,19.740000000000236,2722.268,True
GOOG,price_update,2722.77,9651,bullish,2026-04-22 19:32:40,2026-04-22,19,2.1799999999998363,2718.722,True
GOOG,trade,2714.8,2423,bearish,2026-04-22 19:32:42,2026-04-22,19,-7.9699999999998,2718.0519999999997,False
GOOG,price_update,2716.94,9659,neutral,2026-04-22 19:32:48,2026-04-22,19,2.1399999999998727,2715.1899999999996,True
GOOG,price_update,2717.11,9370,bearish,2026-04-22 19:33:09,2026-04-22,19,0.17000000000007276,2718.442,True
GOOG,price_update,2720.35,3845,bullish,2026-04-22 19:33:26,2026-04-22,19,3.2399999999997817,2718.3940000000002,False
GOOG,price_update,2718.39,5883,bearish,2026-04-22 19:33:41,2026-04-22,19,-1.9600000000000364,2717.518,True
GOOG,price_update,2737.53,7011,neutral,2026-04-22 19:33:43,2026-04-22,19,19.140000000000327,2722.0640000000003,True
GOOG,trade,2710.6,9258,bearish,2026-04-22 19:33:54,2026-04-22,19,-26.93000000000029,2720.796,True
GOOG,trade,2722.23,783,neutral,2026-04-22 19:34:03,2026-04-22,19,11.63000000000011,2721.82,False
GOOG,price_update,2722.86,1154,neutral,2026-04-22 19:34:20,2026-04-22,19,0.6300000000001091,2722.322,False
GOOG,trade,2715.1,567,neutral,2026-04-22 19:34:26,2026-04-22,19,-7.760000000000218,2721.6639999999998,False
GOOG,price_update,2732.98,3040,bearish,2026-04-22 19:34:26,2026-04-22,19,17.88000000000011,2720.754,False
GOOG,price_update,2720.89,4743,neutral,2026-04-22 19:34:33,2026-04-22,19,-12.090000000000146,2722.8120000000004,False
GOOG,price_update,2738.28,8748,bearish,2026-04-22 19:34:38,2026-04-22,19,17.390000000000327,2726.022,True
GOOG,trade,2701.72,189,bearish,2026-04-22 19:34:40,2026-04-22,19,-36.5600000000004,2721.794,False
GOOG,price_update,2737.2,3505,neutral,2026-04-22 19:34:42,2026-04-22,19,35.48000000000002,2726.214,False
GOOG,trade,2733.12,3489,neutral,2026-04-22 19:34:48,2026-04-22,19,-4.079999999999927,2726.242,False
GOOG,price_update,2740.41,7620,neutral,2026-04-22 19:35:09,2026-04-22,19,7.289999999999964,2730.1459999999997,True
GOOG,trade,2738.24,2343,bearish,2026-04-22 19:35:25,2026-04-22,19,-2.1700000000000728,2730.138,False
GOOG,trade,2721.73,9366,bullish,2026-04-22 19:35:28,2026-04-22,19,-16.509999999999764,2734.14,True
GOOG,price_update,2735.05,6129,bearish,2026-04-22 19:35:38,2026-04-22,19,13.320000000000164,2733.71,True
GOOG,trade,2736.75,5342,bullish,2026-04-22 19:35:55,2026-04-22,19,1.699999999999818,2734.436,True
GOOG,price_update,2706.79,6841,bearish,2026-04-22 19:35:56,2026-04-22,19,-29.960000000000036,2727.712,True
GOOG,trade,2733.3,3421,neutral,2026-04-22 19:35:58,2026-04-22,19,26.51000000000022,2726.7239999999997,False
GOOG,price_update,2741.35,7250,bullish,2026-04-22 19:36:00,2026-04-22,19,8.049999999999727,2730.648,True
GOOG,price_update,2700.88,5977,neutral,2026-04-22 19:36:03,2026-04-22,19,-40.4699999999998,2723.814,True
GOOG,trade,2737.71,529,bullish,2026-04-22 19:36:15,2026-04-22,19,36.82999999999993,2724.006,False
GOOG,price_update,2718.49,4813,bearish,2026-04-22 19:36:17,2026-04-22,19,-19.220000000000255,2726.346,False
GOOG,trade,2716.8,4595,neutral,2026-04-22 19:36:21,2026-04-22,19,-1.6899999999995998,2723.0460000000003,False
GOOG,price_update,2718.2,5226,neutral,2026-04-22 19:36:24,2026-04-22,19,1.3999999999996362,2718.416,True
GOOG,trade,2726.19,6711,bearish,2026-04-22 19:36:32,2026-04-22,19,7.9900000000002365,2723.478,True
GOOG,trade,2731.14,5299,bullish,2026-04-22 19:36:39,2026-04-22,19,4.949999999999818,2722.1639999999998,True
GOOG,trade,2737.92,3961,neutral,2026-04-22 19:36:47,2026-04-22,19,6.7800000000002,2726.05,False
GOOG,price_update,2734.69,8542,bullish,2026-04-22 19:36:49,2026-04-22,19,-3.230000000000018,2729.6279999999997,True
